2670 3952
205 498 358 555 gendo
390 494 653 545 resecando.
696 506 819 538 novo
850 492 983 535 etiam
1017 490 1257 548 prooemio.
1303 489 1345 536 in
1388 488 1541 535 multis
1584 502 1756 548 graeco
1794 485 2014 545 exemplo
2053 486 2182 533 fieret
2225 485 2469 535 dissimilia.

204 582 362 638 Neque
393 591 665 625 convertere
699 579 889 622 Aratum
923 576 1066 621 voluit
1092 586 1139 619 ut
1162 575 1220 619 M.
1243 571 1424 619 Tullius
1454 574 1536 619 sed
1561 574 1884 631 interpretatus
1906 582 1976 616 est
1995 570 2198 617 liberius.
2258 569 2472 620 Planen-

205 673 398 720 Aratus,
447 681 548 711 cum
595 667 694 724 ipse
727 679 814 708 non
846 663 1074 713 habuerit,
1122 677 1207 705 non
1255 659 1405 718 potuit
1451 660 1515 704 ob
1549 660 1593 703 id
1641 660 1789 717 ipsum
1838 658 2112 703 Germanico
2156 652 2472 716 suppeditare!-

215 757 409 802 Proinde
438 755 514 798 diu
547 768 601 798 ac
641 752 826 797 multum
859 750 1195 800 haesitavimus,
1238 762 1342 791 num
1374 756 1499 790 recte
1530 745 1699 790 librarii
1731 745 1784 791 iis
1815 745 2094 804 fragmentis,
2126 757 2250 802 quae
2277 754 2381 790 sunt
2407 741 2475 791 de
2524 789 2546 806 ‚-

206 841 412 899 planetis.
451 838 796 894 subscripserint
835 836 1013 881 (insidii
1054 834 1247 878 Caesarie
1290 833 1423 879 Arati
1461 833 1766 880 ffaenomena
1808 845 1853 879 et
1900 844 2047 878 tutum
2089 833 2342 878 iudicamus
2382 838 2473 880 non

203 924 356 968 delere
372 923 555 980 quidem
577 923 658 966 sed
680 920 916 965 secludere
933 919 1191 976 genetivum
1206 918 1384 971 [Arati]
1398 930 1447 963 ut
1471 934 1497 963 e
1519 930 1702 964 vetusta
1723 919 1806 963 sed
1829 919 1944 964 falsa
1965 919 2226 964 coniectura
2247 927 2472 964 ooormm.

208 1010 319 1052 Nam
354 1020 458 1052 ante
492 1007 693 1063 quintum
733 1006 818 1049 iam
858 1003 1087 1048 saeculum
1134 1003 1249 1046 falso
1293 1001 1371 1047 illo
1410 1003 1568 1047 titulus
1610 1003 1858 1049 memoriae
1899 1003 2106 1047 Arateae
2149 1001 2474 1060 supplemento

204 1105 364 1137 auctus
395 1104 506 1135 erat.
570 1091 703 1146 Legit
737 1101 841 1134 tunc
873 1101 996 1133 certe
1029 1089 1279 1132 Priscianus
1312 1086 1471 1145 (11417
1490 1087 1568 1142 H.)
1600 1102 1654 1131 ac
1675 1088 1832 1131 citavit
1865 1087 2156 1144 deperditum
2184 1086 2347 1146 integri
2378 1100 2475 1132 car·

204 1177 333 1221 minis
366 1176 535 1219 locum:
600 1175 756 1218 Caesar
789 1173 836 1217 in
859 1174 995 1217 Arato
1025 1170 1114 1216 ‘cur
1143 1172 1271 1215 divite
1304 1171 1455 1229 linqua
1482 1186 1633 1229 yraeoa
1659 1186 1821 1228 parum
1842 1186 1983 1216 curem
1998 1171 2226 1228 potiusque
2245 1170 2475 1231 Manqula

204 1258 382 1305 ditnm'?
442 1260 614 1302 Versus
646 1257 706 1301 illi
739 1272 840 1301 cum
874 1257 986 1301 intra
1019 1272 1061 1300 v.
1103 1270 1269 1313 1-725
1303 1255 1631 1307 desiderentur,
1664 1256 1741 1299 ubi
1772 1255 1923 1299 locum
1945 1255 2199 1309 habuerint,
2222 1265 2351 1300 certo
2383 1268 2472 1300 non

203 1355 392 1393 constat,
423 1343 504 1386 sed
538 1341 644 1397 fingi
677 1340 837 1384 saltem
872 1352 1061 1396 possunt
1096 1355 1121 1383 e
1153 1339 1437 1396 planetarum
1470 1339 1763 1397 expositione
1794 1340 1947 1385 fuisse.
2018 1340 2125 1394 Qua
2163 1354 2214 1383 re
2256 1351 2475 1385 concessa

210 1426 380 1470 nullum
413 1425 653 1481 vestigium
686 1436 812 1480 patet
853 1424 1048 1480 amplius
1089 1424 1206 1467 ultra
1248 1425 1342 1467 fixa
1382 1424 1673 1480 errantiaque
1715 1424 1867 1467 sidera
1909 1434 1987 1468 aut
2035 1424 2077 1467 in
2115 1419 2476 1468 ‘Phaenomenis‘

204 1522 279 1554 aut
313 1510 419 1553 alibi
452 1510 707 1552 excurrisse
739 1509 1071 1552 Germanicum.
1133 1508 1284 1551 Nihilo
1316 1507 1465 1551 secius
1509 1506 1842 1563 ‘Prognostica’
1873 1508 2077 1551 certatim
2110 1506 2385 1552 Germanico
2426 1515 2475 1551 et

205 1594 402 1636 editores
434 1605 475 1635 et
510 1604 795 1636 enarratores
826 1592 939 1635 miro
972 1592 1246 1635 addixerunt
1286 1604 1522 1642 consensu,
1556 1591 1849 1647 quantumvis
1891 1592 1952 1634 de
1994 1591 2064 1635 his
2106 1602 2249 1635 testes
2289 1589 2476 1636 codice·

210 1677 308 1732 ipse
340 1677 549 1731 denique.
584 1676 661 1719 ubi
693 1677 750 1718 de
782 1690 832 1718 se
863 1675 1099 1731 promittit,
1131 1675 1259 1718 sileat
1294 1675 1606 1718 Germanicus.
1647 1675 1821 1732 Apage
1853 1675 2111 1719 Germanici
2142 1671 2477 1733 ‘Prognostica'

205 1759 304 1812 (nisi
322 1759 425 1814 quis
456 1760 573 1803 sorte
603 1759 740 1802 firmis
771 1759 1049 1814 argumentis
1071 1758 1487 1814 demonstraverit)!
1537 1758 1717 1812 Quodsi
1740 1759 2008 1815 posterioris
2029 1759 2090 1803 de
2110 1758 2307 1815 planetis
2327 1757 2474 1816 partie

211 1842 528 1897 subscriptioni
560 1856 719 1884 nomen
752 1842 884 1885 Arati
917 1854 961 1885 et
994 1843 1240 1885 auctoritas
1272 1853 1396 1886 recte
1427 1857 1455 1885 a
1487 1842 1620 1886 nobis
1651 1843 1840 1899 dempta
1872 1853 1955 1895 est,
1997 1843 2223 1886 demenda
2262 1842 2349 1888 toti
2386 1842 2474 1888 erit

205 1926 363 1968 eadem
386 1925 565 1968 carmini
588 1926 900 1969 Germaniceo.
963 1924 1310 1970 ‘phaenomena'
1340 1926 1496 1982 potius
1528 1925 1618 1979 ille,
1650 1937 1701 1970 ut
1732 1925 1875 1978 multi,
1908 1940 1995 1970 non
2019 1926 2243 1971 convertit
2262 1926 2349 1972 sed
2368 1939 2473 1973 ooo·

208 2008 399 2064 scripsit.
432 2023 491 2051 ex
524 2019 654 2064 parte
685 2008 880 2052 Aratum
913 2009 1076 2065 partim
1109 2010 1223 2053 alios
1254 2021 1468 2054 auctores
1498 2009 1647 2054 libero
1678 2021 1864 2054 secutus
1895 2010 2077 2054 iudicio.

416 2208 576 2252 Paullo
619 2221 725 2253 ante
768 2210 1099 2260 Germanicum,
1142 2213 1251 2256 vivo
1294 2213 1430 2256 etiam
1456 2223 1563 2256 tunc
1592 2213 1834 2268 Augusto,
1866 2212 2076 2257 Manilius
2117 2212 2351 2267 persimile
2386 2213 2473 2259 aed

208 2291 471 2347 astrologici
503 2293 754 2347 argumenti
789 2308 953 2348 poema
985 2296 1255 2340 confecerat.
1317 2296 1391 2339 Ac
1422 2296 1624 2351 pluriens
1654 2298 1715 2340 ad
1746 2296 1975 2340 Manilium
2012 2307 2250 2353 spectasse
2281 2297 2468 2341 Germa-

208 2374 350 2416 nicum
383 2374 452 2416 vir
482 2388 683 2418 summus
714 2376 755 2418 in
786 2379 1110 2421 commentario
1141 2378 1248 2421 olim
1281 2379 1478 2422 ostendit
1510 2380 1735 2435 Iosephus
1771 2381 1922 2423 Iustus
1960 2379 2182 2437 Scaliger.
2243 2378 2472 2424 Nonnulla

206 2467 352 2498 tamen
383 2457 595 2510 exempla
627 2456 833 2515 Scaliger
864 2460 1051 2503 fortuito
1082 2462 1244 2512 omisit,
1289 2461 1417 2506 velut
1448 2462 1604 2506 Germ.
1637 2477 1680 2506 v.
1715 2477 1764 2519 7¹
1814 2463 1934 2507 clara
1979 2463 2228 2508 Ariadnaeo
2266 2465 2474 2510 molant

207 2539 301 2593 iyne
330 2539 494 2582 Corona
522 2561 548 2572 ·—
597 2540 745 2583 Manil.
780 2542 823 2584 V
857 2556 940 2598 253
972 2544 1092 2587 clara
1131 2546 1405 2589 Ariadnaeae
1435 2546 1654 2601 quondam
1696 2549 1978 2591 monumenta
2009 2546 2201 2591 Coronae
2240 2545 2339 2602 (ubi
2367 2559 2472 2592 oum

206 2621 399 2669 codices,
430 2622 546 2665 clara
578 2637 637 2665 ex
670 2623 801 2667 Arati
833 2627 988 2681 ἀγαυὸν
1020 2641 1063 2670 v.
1090 2641 1136 2682 7¹
1175 2628 1434 2671 emendavit
1464 2627 1674 2684 Scaliger
1706 2628 1746 2671 in
1779 2628 1917 2685 adm),
1932 2627 1966 2685 ¹)
1994 2629 2208 2673 German.
2231 2644 2277 2673 v.
2298 2643 2472 2687 339aq.

206 2703 265 2745 de
294 2702 412 2746 Sirio
458 2704 579 2749 nullo
616 2707 770 2761 qundet
813 2709 999 2753 maiusve
1039 2711 1235 2754 ntintcsve
1273 2711 1460 2767 aqricola
1501 2715 1543 2755 et
1582 2712 1703 2755 sidus
1742 2712 1885 2767 primo
1923 2712 2165 2768 speculatur
2200 2713 2254 2758 ab
2285 2715 2384 2759 ortu
2425 2731 2458 2751 ν

209 2785 356 2828 Manil.
390 2787 404 2828 l
436 2801 514 2840 40¹
556 2802 622 2843 sq.
657 2789 768 2833 lianc
797 2805 924 2844 quam
956 2797 1189 2846 &arqentem
1221 2796 1363 2849 primo
1391 2809 1486 2839 cum
1518 2795 1717 2839 redditur
1747 2798 1845 2838 ortu
1875 2796 2033 2840 montis
2062 2796 2116 2840 ab
2149 2796 2304 2841 woelso
2330 2810 2473 2853 φασκ-

207 2867 357 2911 tant-ar
397 2871 540 2913 oertioe
575 2870 714 2914 Tauri
748 2876 817 2917 etc.
893 2874 1022 2930 Ergo
1056 2876 1233 2919 collatis
1265 2877 1524 2921 Germanici
1555 2892 1599 2920 v.
1635 2892 1659 2921 2
1692 2881 1739 2921 at
1768 2878 1903 2928 nobis,
1931 2877 2124 2929 Gmitor,
2158 2879 2230 2923 Tu
2258 2879 2476 2925 mamimus

206 2954 350 2994 nudor
379 2963 423 2994 et
456 2953 619 2996 Manilii
652 2954 668 2996 1
701 2970 744 2998 v.
779 2957 864 3012 384
895 2970 997 3013 sqq.
1031 2973 1120 3003 uno
1150 2961 1387 3005 vincuntur
1415 2960 1467 3004 in
1497 2963 1614 3003 astro
1644 2960 1851 3016 Αυφιείο,
1880 2960 2001 3005 sidus
2036 2964 2183 3006 nostro
2222 2962 2338 3018 quod
2373 2975 2474 3008 oon·

208 3033 304 3089 eiqit
334 3034 444 3085 orbi:
476 3036 628 3081 Caesar
659 3052 777 3082 num:
807 3041 942 3090 terrie,
972 3045 1065 3096 post
1094 3043 1203 3086 caelo
1236 3044 1450 3088 „auximus
1479 3046 1648 3088 auctor.
1682 3043 1955 3087 Germanico
1991 3042 2144 3088 locum
2182 3043 2475 3091 Manilium

208 3115 416 3159 scribenti
438 3118 728 3163 obversatum
753 3135 854 3164 esse
878 3124 1191 3179 perspicimus.
1244 3125 1443 3169 Perutile
1466 3137 1549 3177 est,
1572 3137 1767 3182 uterque
1788 3126 1897 3183 quid
1921 3137 2022 3171 toto
2042 3127 2239 3172 carmine
2259 3127 2474 3182 voluerit,
2544 3131 2551 3134 ’

210 3197 464 3241 contulisse.
529 3200 597 3243 Ac
632 3203 837 3247 Manilius
868 3206 1180 3262 astrologiam,
1214 3223 1375 3264 puram
1407 3209 1734 3252 astronomiam
1767 3209 1927 3265 (modo
1947 3208 2214 3266 Capricorni
2235 3203 2477 3269 ‘genitalis'

209 3277 298 3320 vim
330 3291 373 3322 et
406 3283 692 3335 mentionem,
726 3297 772 3328 ut
807 3301 891 3342 par
933 3300 1021 3338 est.
1066 3292 1308 3346 exceperis
1338 3291 1544 3350 Augusti
1587 3306 1745 3343 causa,
1790 3292 2073 3350 astrologiae
2116 3289 2361 3351 fautoris‚¹)
2394 3293 2476 3338 ad·

208 3361 362 3404 scitam
396 3378 438 3407 v.
470 3367 574 3420 558)
604 3367 900 3414 Germanicus
931 3383 1131 3415 sectatus
1162 3386 1245 3419 est.
1307 3374 1399 3429 Qui
1430 3375 1551 3419 adeo
1583 3374 1873 3431 improbasse
1914 3376 2134 3421 dicendus
2163 3375 2333 3421 Manilii
2369 3389 2475 3422 oon·

209 3571 228 3604 ι
371 3576 394 3605 ⁶
419 3513 445 3615 3)
471 3516 665 3608 EOE⁸²³¹¹¹⁰
691 3520 842 3555 onam,
882 3522 979 3559 Fas&
1006 3525 1050 3558 11¹
1077 3536 1144 3567 ⁵¹³
1175 3527 1312 3573 sintque
1354 3527 1451 3565 Μ
1492 3527 1617 3565 Tecum
1651 3528 1787 3574 faciam
1823 3531 2053 3566 mov-umam
2089 3529 2247 3568 comae
2284 3530 2477 3575 (xum

255 3582 346 3615 ep.
402 3585 443 3606 ι.
535 3578 664 3619 0p.V
706 3580 785 3613 adn.

410 3630 446 3674 ¹)
473 3633 525 3666 Cf.
555 3634 708 3671 liaebler
734 3639 921 3688 Anto-ulva
948 3641 996 3678 im
1022 3641 1221 3680 Altervmm
1250 3647 1387 3690 (progr.
1416 3644 1586 3679 zvieknu
1612 3646 1719 3690 ¹879)
1743 3656 1780 3690 p-
1808 3656 1851 3689 23
1876 3656 1932 3692 tq-
