2670 3952
1267 373 1314 412 ll

919 508 1006 549 Da.
1040 507 1199 550 GUIL.
1235 509 1455 561 HOLTZ,
1487 523 1526 552 Ρ.
1557 523 1593 552 Ρ.
1628 523 1668 551 ε.

378 613 415 668 Ι)
446 613 634 656 Publice
679 613 720 668 1)
752 613 1180 657 Electricitatem
1225 617 1520 659 technicam
1567 616 1960 671 experimentis
2003 616 2330 659 illustratam
2377 629 2422 660 et

161 687 222 739 ad
243 711 423 739 sensum
450 696 722 751 popularem
743 698 1136 739 accommodatam
1159 700 1370 742 tractabit
1392 700 1512 742 dieb.
1535 700 1647 741 Lun.
1670 710 1714 741 et
1738 700 1830 742 lov.
1853 699 1951 741 hor.
1976 700 2055 750 V1;
2090 699 2134 754 2)
2156 700 2420 755 Physicen

161 779 460 837 cosmicain
480 794 582 822 cum
614 780 938 835 experimentis
970 791 1015 823 et
1036 772 1454 835 observationibus,v
1481 783 1704 825 communi
1724 781 1896 837 judicio
1924 783 2203 837 adaptatam,
2237 784 2422 826 docebit

161 863 283 906 dieb.
315 864 447 906 Mart.
480 874 525 906 et
557 864 670 906 Ven.
703 863 801 905 hor.
835 864 909 906 VI.
942 888 998 894 —
1031 863 1086 918 ΙΙ)
1118 864 1329 907 Privatim
1363 866 1624 921 physicen
1656 865 2088 922 technologicam
2111 867 2169 908 ad
2192 867 2423 910 doctrinas

162 946 428 1003 physicales
459 958 722 990 revocatam
755 947 941 989 docebit
972 947 1092 989 dieb.
1125 948 1261 990 Merc.
1294 960 1338 991 et
1370 949 1467 992 Sat.
1498 949 1596 991 hor.
1627 949 1727 991 XII.

950 1101 1036 1142 Da.
1070 1101 1117 1142 P.
1152 1101 1424 1154 PIETSCH,
1458 1118 1495 1146 Ρ.
1528 1118 1564 1146 Ρ.
1598 1118 1637 1145 Ε.

375 1209 645 1251 Commeatu
676 1209 923 1264 impetrato
954 1208 1138 1251 scholas
1170 1223 1257 1251 non
1290 1210 1490 1253 habebit.

942 1364 1029 1405 Da.
1063 1363 1113 1405 C.
1147 1364 1442 1416 KESSLER,
1475 1379 1511 1406 P.
1546 1379 1583 1406 P.
1617 1380 1654 1406 E.

374 1470 411 1525 Ι)
454 1469 642 1512 Publice
690 1469 731 1525 1)
777 1470 1037 1526 Lagardii
1077 1470 1342 1514 Analecta
1378 1471 1611 1527 Syriaca
1651 1473 2021 1527 interpretabitur
2065 1473 2135 1515 bis
2179 1487 2224 1527 p.
2269 1473 2312 1517 h.
2378 1473 2419 1526 2)

162 1554 364 1596 Haririi
402 1553 706 1596 Consessus
739 1553 972 1608 explicare
1011 1554 1080 1595 bis
1118 1568 1164 1608 p.
1202 1555 1244 1595 h.
1280 1566 1458 1611 perget.
1510 1579 1566 1586 —
1617 1555 1672 1610 11)
1715 1555 1931 1598 Privatim
1980 1555 2021 1611 ι)
2066 1555 2258 1598 Studia
2300 1570 2422 1611 pro-

164 1637 466 1680 vectiorum
498 1635 727 1691 Syriaca
760 1636 1072 1678 moderabitur
1106 1637 1173 1678 bis
1205 1652 1251 1692 p.
1284 1639 1325 1679 h.
1398 1637 1443 1692 2)
1486 1638 1741 1694 Linguam
1784 1649 1835 1680 et
1878 1639 2203 1694 scripturam
2248 1638 2422 1694 Assy-

161 1721 362 1763 riorum
394 1721 563 1762 docere
595 1720 708 1762 binis
750 1734 795 1774 p.
835 1720 879 1761 h.
918 1720 1086 1762 scholis
1123 1721 1319 1774 incipiet.
1388 1721 1432 1776 3)
1469 1722 1555 1763 Ibn
1596 1719 1797 1763 His'ami
1834 1722 1997 1763 vitam
2033 1721 2421 1764 Muhammedis

162 1804 474 1860 prophetae
526 1818 627 1845 cum
680 1803 1050 1858 provectioribus
1107 1802 1264 1859 legere
1321 1815 1486 1860 perget
1545 1804 1614 1846 bis
1666 1819 1710 1859 p.
1763 1805 1805 1846 h.
1864 1829 1923 1835 —
1981 1804 2054 1860 111)
2118 1805 2423 1847 Privatissime

162 1887 435 1931 Dschamii
468 1888 666 1929 Persae
697 1900 838 1941 opus
869 1887 1163 1941 poeticum,
1197 1887 1278 1928 cui
1311 1887 1623 1929 Beharistan
1662 1888 1997 1938 inscribitur,
2030 1888 2420 1942 interpretandum

163 1982 395 2027 proponet
425 1971 496 2014 bis
526 1985 572 2026 p.
606 1971 649 2013 h.
682 1971 782 2013 hor.
814 1971 902 2013 def.
2143 1954 2150 1957 ’

949 2113 1034 2154 DR.
1068 2111 1118 2153 C.
1151 2113 1180 2153 I.
1215 2111 1430 2162 FUCHS,
1464 2126 1500 2153 Ρ.
1533 2126 1569 2153 Ρ.
1603 2126 1643 2153 E.

377 2220 413 2276 Ι)
444 2221 660 2263 Privatim
701 2221 766 2262 de
805 2220 1072 2261 reditibus
1114 2230 1164 2261 et
1197 2219 1448 2273 expensis
1486 2219 1559 2260 rei
1604 2218 1863 2274 publicae
1895 2219 2086 2260 disseret
2118 2218 2281 2260 diebus
2308 2218 2421 2260 Lun.

163 2306 295 2347 Mart.
330 2305 425 2348 Iov.
471 2305 586 2347 Ven.
628 2304 726 2346 hor.
770 2304 846 2346 IV.
891 2327 948 2333 —
990 2302 1044 2358 11)
1077 2302 1382 2344 Privatissime
1422 2302 1504 2343 sed
1535 2302 1680 2358 gratis
1712 2302 2136 2343 exercitationes
2167 2301 2233 2343 ad
2264 2309 2422 2343 oeco-

164 2388 406 2430 nomicen
450 2386 781 2430 nationalem
825 2397 1139 2441 spectantes
1182 2386 1260 2440 (de
1303 2385 1525 2439 operariis
1556 2384 1752 2439 rusticis)
1784 2385 2096 2427 moderabitur
2126 2384 2267 2427 semel
2298 2398 2345 2439 p.
2378 2384 2421 2425 h.

164 2471 266 2514 hor.
297 2471 387 2513 def.

954 2600 1037 2641 DR.
1071 2599 1122 2640 E.
1156 2598 1425 2649 NORDEN,
1459 2613 1495 2640 P.
1530 2613 1564 2639 P.
1599 2613 1638 2640 Ε.

379 2707 415 2763 Ι)
446 2708 634 2750 Publice
671 2707 711 2764 ι)
743 2709 794 2749 In
827 2707 1111 2750 seminario
1142 2707 1295 2762 regio
1328 2705 1675 2761 philologico
1706 2704 1943 2746 sodalibus
1973 2704 2187 2746 Minucii
2219 2703 2423 2746 Felicis

165 2793 450 2836 Octavium
481 2791 719 2846 dialogum
750 2792 1137 2846 interpretandum
1171 2800 1398 2844 proponet
1426 2789 1500 2830 die
1522 2789 1657 2829 Merc.
1682 2788 1724 2829 h.
1746 2788 1951 2829 X—XlI.
2000 2786 2044 2842 2)
2068 2786 2424 2841 Philosophia

166 2876 615 2932 quemadmodum
647 2875 934 2917 coniuncta
977 2875 1136 2916 fuerit
1169 2874 1309 2928 apud
1343 2872 1592 2926 antiquos
1631 2885 1745 2912 cum
1778 2870 1998 2920 litteris,
2040 2869 2292 2924 disputabit
2322 2869 2422 2910 hor.

166 2960 257 3002 def.
303 2983 363 2990 —
408 2959 464 3014 11)
510 2959 726 3001 Privatim
770 2959 838 3000 de
885 2959 1218 3000 Graecorum
1263 2957 1724 3008 Romanorumque
1771 2964 1821 2995 et
1864 2954 2031 2995 nostri
2074 2953 2193 2995 aevi
2225 2952 2423 2994 studiis

166 3043 231 3085 ad
279 3053 448 3085 artem
505 3043 907 3099 grammaticam
965 3042 1381 3093 litterarumque
1432 3037 1714 3080 historiam
1764 3035 2168 3091 pertinentibus
2219 3045 2422 3089 exponet

167 3126 289 3168 dieb.
322 3125 434 3168 Lun.
466 3127 598 3168 Mart.
631 3126 727 3167 Iov.
761 3125 874 3167 Ven.
909 3125 950 3166 h.
983 3124 1045 3166 X.

958 3277 1044 3318 Da.
1078 3276 1134 3318 G.
1166 3272 1427 3324 DEECKE,
1461 3288 1496 3314 P.
1531 3288 1567 3314 Ρ.
1601 3287 1640 3314 ε.

381 3386 419 3441 Ι)
449 3386 637 3429 Publice
679 3386 744 3427 de
787 3385 1055 3427 montibus
1098 3382 1187 3436 qui
1229 3380 1443 3422 vulcani
1486 3380 1738 3422 dicuntur
1781 3378 1974 3420 disseret
2016 3376 2158 3419 semel
2194 3390 2240 3433 p.
2274 3377 2317 3418 h.
2350 3377 2423 3418 die

167 3471 265 3513 Iov.
297 3471 394 3512 hor.
425 3471 497 3511 111.
529 3493 586 3500 —
617 3468 673 3524 11)
703 3469 918 3511 Privatim
955 3467 996 3522 1)
1028 3465 1332 3521 Geologiae
1363 3474 1569 3518 partem
1606 3461 1830 3504 alteram
1866 3460 2175 3515 (formationes
2213 3459 2423 3516 geologi-

168 3552 264 3608 cas)
297 3552 511 3594 tractabit
542 3552 613 3593 bis
643 3566 689 3606 p.
722 3551 765 3592 h.
798 3551 919 3592 dieb.
952 3550 1084 3591 Mart.
1117 3559 1161 3590 et
1195 3548 1304 3590 Ven.
1328 3546 1436 3588 hor.
1475 3546 1543 3588 111.
1586 3568 1640 3575 —-
1679 3544 1723 3600 2)
1755 3542 2241 3601 Palaeontologiae
2278 3542 2423 3599 prin·

169 3636 310 3693 cipia
342 3635 528 3678 docebit
560 3635 630 3676 bis
662 3649 708 3689 p.
741 3635 784 3675 h.
817 3634 915 3675 hor.
950 3633 1038 3676 def.
