2670 3952
888 522 972 565 Da.
1019 521 1068 564 1³.
1114 534 1169 563 us
1213 519 1596 575 PREUSCHEN,
1639 536 1677 567 r.
1710 536 1748 566 ι’.
1780 536 1820 566 s.

435 631 646 675 Privatim
685 630 725 685 ι)
753 629 1098 686 operationes
1134 627 1605 687 gynaecologicas
1640 630 1954 674 moderabitur
1986 631 2488 690 exercitationibusque

223 717 264 758 in
302 716 594 771 phantomate
634 713 912 757 instituendis
953 711 1147 768 praeerit
1181 710 1302 754 dieb.
1332 710 1465 756 Mart.
1498 723 1543 756 et
1577 713 1691 758 Ven.
1724 713 1823 758 hor.
1856 714 1910 766 113
1965 714 2011 771 a)
2051 714 2317 759 theoriam
2355 716 2493 763 artis

222 797 574 842 obstetriciae
606 796 816 841 tractabit
849 795 969 839 dieb.
1004 794 1114 838 Lun.
1147 794 1285 837 Merc.
1316 794 1412 840 lov.
1445 795 1542 841 hor.
1574 796 1624 841 11.

939 951 1023 993 Dn.
1056 949 1234 993 OTTO
1268 949 1537 1003 BEUMER.
1571 965 1607 995 r.
1645 966 1683 995 r.
1715 966 1756 996 s.

432 1060 467 1115 l)
500 1059 710 1103 Privatim
749 1059 814 1102 de
852 1057 1109 1101 medicina
1141 1057 1341 1101 sorensi
1371 1068 1500 1117 aget
1538 1068 1608 1102 ter
1645 1073 1691 1116 p.
1724 1059 1768 1103 h.
1801 1059 1900 1103 hor.
1934 1060 2025 1104 des.
2061 1085 2116 1093 —
2148 1060 2204 1118 11)
2235 1060 2491 1106 Practicum

221 1142 509 1186 medicinae
542 1142 772 1186 lorensis
804 1141 1113 1186 moderabitur
1145 1155 1192 1198 p.
1224 1140 1266 1184 h.
1298 1139 1484 1186 sexiens
1515 1141 1616 1186 bor.
1649 1143 1739 1187 des.

967 1298 1049 1340 Da.
1084 1296 1131 1339 P.
1163 1295 1532 1350 STRUEBING,
1566 1312 1603 1341 r.
1637 1312 1674 1342 ι».
1707 1312 1748 1342 a.

428 1405 464 1459 1)
495 1404 679 1448 Publice
722 1404 960 1448 homines
1009 1404 1210 1448 narium
1255 1414 1307 1448 et
1354 1403 1611 1464 laryngis
1655 1406 1863 1450 morbis
1905 1407 2145 1450 affectos
2186 1418 2488 1452 extraneos

217 1489 478 1531 monstrabit
512 1489 632 1531 dieb.
658 1488 766 1531 Eun.
796 1489 890 1532 lov.
922 1488 1019 1532 Sat.
1052 1489 1149 1531 hor.
1182 1488 1283 1531 ΧΠ.
1306 1487 1441 1546 —11)
1472 1489 1688 1534 Privatim
1722 1489 2085 1548 pathologiae
2116 1501 2168 1534 et
2200 1490 2487 1548 therapiae

215 1572 470 1629 specialis
503 1583 706 1629 partem
740 1572 973 1629 priorem
1005 1573 1154 1616 tradet
1186 1573 1309 1616 dieb.
1341 1571 1457 1618 Lun.
1489 1574 1628 1618 Merc.
1664 1574 1777 1619 Ven.
1810 1573 1908 1619 Sat.
1943 1574 2043 1618 hor.
2075 1574 2153 1619 vl.

827 1727 910 1770 Da.
944 1727 1208 1771 LOTHAR
1242 1727 1644 1781 ΗΕΙΟΕΝΗΑΙΝ,
1678 1743 1716 1772 r.
1749 1743 1788 1772 r.
1820 1743 1861 1772 a.

426 1834 460 1889 l)
493 1833 678 1877 Publice
709 1835 889 1877 tradet
919 1845 1086 1878 artem
1118 1835 1342 1879 vulnera
1373 1835 1597 1880 tractandi
1629 1835 1705 1880 die
1726 1835 1840 1879 Lun.
1864 1836 1963 1880 hor.
1997 1836 2073 1881 V1.
2103 1861 2160 1869 —
2180 1836 2236 1894 Π)
2268 1835 2484 1882 Privatim

218 1919 260 1971 ι)
290 1918 354 1959 de
384 1918 586 1960 ossium
628 1918 882 1962 fracturis
926 1930 975 1961 et
1020 1918 1403 1963 luxationibus
1446 1919 1642 1963 disseret
1683 1919 1806 1963 dieb.
1849 1920 1998 1973 Mart„
2042 1920 2182 1964 Merc.
2226 1922 2323 1965 Iov.
2365 1920 2483 1966 ναι.

212 2001 308 2043 hor.
343 2001 404 2051 V;
450 2001 493 2055 2)
525 2002 589 2044 de
620 2002 895 2059 chirurgia
925 2002 1170 2059 generali
1202 2003 1398 2046 disseret
1438 2003 1560 2046 dieb.
1591 2003 1726 2047 Mart.
1759 2013 1805 2047 et
1838 2004 1934 2048 Iov.
1967 2003 2066 2047 hor.
2099 2004 2171 2058 111,
2211 2004 2335 2048 dieb.
2366 2004 2482 2050 ven.

212 2095 255 2126 et
287 2084 464 2127 Saturn.
496 2084 594 2127 hor.
626 2085 700 2128 1v.

948 2217 1034 2259 Da.
1068 2217 1254 2260 ERICH
1286 2217 1517 2270 PEIPER,
1550 2232 1589 2261 ι».
1622 2232 1661 2262 r.
1692 2232 1733 2261 a.

420 2321 453 2373 1)
485 2320 671 2365 Publice
691 2323 756 2366 de
778 2323 983 2367 morbis
1005 2324 1095 2379 qui
1117 2324 1362 2371 entozois
1382 2325 1630 2370 oriuntur
1651 2326 1751 2370 hor.
1773 2326 1864 2370 def.
1883 2350 1939 2358 —-
1955 2326 2172 2371 Privatim
2201 2325 2482 2383 1)Selecta

210 2404 389 2458 capita
420 2406 724 2448 morborum
768 2421 1053 2451 nervorum
1092 2408 1306 2452 tractabit
1348 2409 1759 2454 demonstrationes
1802 2410 2031 2467 practicas
2071 2410 2314 2455 additurus
2356 2410 2480 2455 dieb.

212 2485 322 2528 Lun.
354 2487 450 2529 hor.
485 2489 551 2539 111,
584 2490 677 2532 lov.
710 2489 807 2533 hor.
841 2490 921 2542 1v;
971 2491 1015 2547 2)
1053 2491 1118 2534 de
1161 2491 1364 2537 morbis
1406 2492 1752 2551 contagionis
1795 2492 1991 2537 disseret
2033 2493 2109 2537 die
2146 2493 2245 2537 Sat.
2283 2493 2384 2538 bor.
2416 2494 2480 2547 νς

210 2570 255 2624 3)
314 2571 379 2613 de
440 2573 643 2615 morbis
702 2574 945 2618 cutaneis
1010 2575 1426 2621 demonstrationes
1492 2576 1719 2633 practicas
1777 2576 2077 2633 adjuncturus
2145 2587 2257 2634 aget
2327 2576 2479 2622 dictus

211 2651 344 2695 Mete.
377 2654 474 2697 hor.
508 2655 582 2698 lv.

951 2788 1000 2844 8)
1033 2788 1325 2835 vaA'rm
1355 2789 1715 2836 montinum.

887 2919 970 2961 Da.
1006 2920 1102 2962 EG.
1138 2920 1499 2974 HOFFMANN,
1537 2935 1649 2965 mv.
1682 2934 1784 2965 boc.

415 3020 626 3065 Privatim
670 3039 881 3068 cursum
923 3026 1229 3070 otiatricum
1274 3027 1588 3072 moderabitur
1631 3027 1754 3071 dieb.
1799 3026 1913 3071 Lun.
1959 3028 2058 3071 hor.
2102 3028 2154 3072 V.
2194 3029 2333 3072 Merc.
2376 3027 2476 3073 Sat.

206 3102 302 3145 hor.
335 3103 410 3146 lv.

894 3229 980 3271 Da.
1014 3230 1065 3272 E.
1100 3230 1487 3283 BALLOWITZ,
1520 3245 1634 3275 ratv.
1667 3245 1768 3275 noc.

417 3329 626 3374 Privatim
663 3333 704 3387 t)
736 3333 1116 3392 Osteologiam
1149 3348 1198 3380 et
1230 3338 1748 3397 Syndesmologiam
1780 3339 1969 3383 docebit
1989 3340 2111 3383 dieb.
2134 3340 2273 3384 Merc·
2306 3350 2353 3384 et
2373 3339 2473 3385 Sat.

205 3410 302 3452 hor.
334 3410 437 3462 Χ11;
471 3414 515 3467 2)
546 3415 609 3457 de
642 3417 906 3461 viscerum
939 3419 987 3461 in
1020 3434 1254 3476 corpore
1286 3422 1514 3466 humano
1543 3421 1654 3466 situ
1685 3422 1881 3467 disseret
1902 3423 1979 3467 die
1999 3423 2113 3468 Ven.
2136 3423 2472 3476 bor.1VetV;

206 3494 251 3547 3)
281 3494 496 3550 Organa
528 3509 576 3540 et
611 3499 833 3544 hominis
873 3513 925 3545 et
955 3503 1263 3548 animalium
1295 3506 1738 3550 vertebratorum
1770 3506 2101 3563 uropoetica
2132 3517 2300 3563 atque
2330 3506 2473 3563 geni·

206 3574 336 3618 talia
379 3580 589 3623 tractabit
631 3582 705 3625 die
748 3583 842 3627 lov.
886 3585 982 3629 hor.
1018 3586 1079 3637 V:
1140 3588 1189 3642 4)
1229 3588 1574 3634 Anatomiam
1618 3603 1799 3633 earum
1842 3589 2141 3647 regionum,
2182 3589 2231 3634 in
2271 3589 2474 3648 quibus

203 3660 436 3703 arteriae
467 3660 726 3718 ligantur,
759 3667 971 3711 tractabit
1004 3669 1118 3713 hora
1149 3671 1417 3716 definienda.
