2670 3952
1285 389 1310 425 3

753 522 839 564 Da.
873 522 924 564 C.
958 523 1008 565 F.
1046 523 1117 565 W.
1150 524 1206 565 H.
1233 524 1608 575 -HAEBERLIN,
1641 539 1677 566 Ρ.
1712 539 1749 566 Ρ.
1783 538 1823 566 o.

372 629 588 671 Privatim
615 628 703 683 jus
734 629 1011 672 criminale
1042 640 1204 684 quater
1235 645 1279 685 p.
1314 631 1356 672 h.
1389 631 1487 674 hor.
1518 631 1584 673 Xl
1617 631 1844 673 tractabit.

842 783 898 824 D.
931 783 1015 824 Da.
1049 783 1101 825 E.
1134 783 1188 825 R.
1221 783 1520 836 BIERLING,
1553 799 1591 826 ι».
1624 798 1660 827 ι».
1694 799 1736 826 0.

371 888 409 944 1)
441 888 628 931 Publice
668 890 735 932 de
778 889 1020 932 fontibus
1054 889 1192 944 juris
1225 889 1585 933 ecclesiastici
1625 890 1817 933 disseret
1856 891 1931 933 die
1971 890 2069 933 Sat.
2101 890 2200 932 hor.
2231 891 2331 933 XII.
2363 915 2421 922 —

158 972 215 1028 Π)
246 972 458 1015 Privatim
484 972 571 1027 jus
604 972 1034 1015 ecclesiasticum
1065 973 1518 1029 Evangelicorum
1556 984 1607 1016 et
1638 972 2046 1016 catholicorum
2078 974 2228 1016 tradet
2259 983 2421 1029 quater

158 1069 205 1111 p.
236 1055 280 1097 h.
312 1055 411 1098 hor.
443 1055 544 1098 XII.

821 1162 908 1204 Da.
941 1161 1123 1205 GUST.
1157 1162 1545 1215 PESCATORE,
1578 1178 1615 1206 Ρ.
1648 1177 1685 1206 Ρ.
1718 1178 1760 1207 0.

370 1269 407 1325 Ι)
438 1269 653 1312 Privatim
699 1268 742 1324 1)
784 1269 1168 1324 pandectarum
1211 1269 1435 1313 alteram
1478 1281 1686 1326 partem
1729 1280 1892 1325 quater
1937 1284 1982 1325 p.
2027 1270 2071 1312 h.
2112 1269 2210 1312 hor.
2253 1270 2340 1320 X1;
2374 1269 2419 1325 2)

112 1359 119 1364 “
157 1367 471 1408 processum
505 1352 719 1395 civilem
752 1353 1043 1394 Romanum
1076 1353 1288 1394 tractabit
1321 1354 1390 1396 bis
1422 1367 1467 1408 p.
1500 1354 1562 1404 h.;
1604 1352 1651 1408 3)
1683 1352 2087 1395 conversatorii
2122 1351 2259 1407 juris
2296 1365 2420 1407 pan-

157 1437 435 1479 dectarum
467 1446 710 1491 quartam
743 1446 951 1491 partem
982 1435 1184 1477 instituet
1216 1436 1289 1477 die
1320 1437 1414 1479 Iov.
1448 1436 1546 1478 hor.
1579 1436 1622 1478 V
1653 1447 1698 1478 et
1730 1437 1805 1478 VI.
1838 1460 1894 1466 -—
1925 1434 1980 1490 11)
2001 1435 2307 1478 Privatissime
2335 1435 2419 1478 sed

156 1519 302 1576 gratis
331 1519 383 1561 in
415 1519 703 1562 seminario
736 1518 1167 1561 exercitationes
1193 1518 1459 1573 juridicas
1490 1518 1815 1562 moderabitur.

877 1685 964 1726 DR.
997 1684 1184 1726 FELIX
1215 1683 1482 1735 STOERK,
1514 1699 1553 1726 P.
1585 1699 1623 1726 Ρ.
1656 1698 1698 1726 o.

372 1804 409 1860 Ι)
441 1803 655 1847 Privatim
694 1803 735 1859 1)
777 1803 1054 1845 historiam
1097 1803 1366 1845 enarrabit
1408 1802 1770 1844 doctrinarum
1812 1817 1949 1858 quae
1989 1802 2053 1844 ad
2087 1802 2168 1844 ius
2199 1812 2251 1844 et
2281 1816 2414 1844 rem-

156 1887 430 1944 publicam
461 1898 712 1943 spectant
743 1887 814 1929 bis
846 1901 890 1941 p.
924 1887 966 1927 h.
1000 1886 1096 1928 hor.
1127 1886 1192 1937 X;
1233 1885 1278 1940 2)
1309 1886 1389 1927 ius
1421 1884 1695 1940 publicum
1726 1885 2098 1927 Germanicum
2130 1885 2310 1927 tradet
2341 1895 2411 1927 ter

157 1985 204 2028 p.
236 1972 280 2014 h.
311 1972 411 2014 hor.
444 1971 530 2022 IX;
579 1970 625 2026 3)
666 1970 749 2012 ius
792 1969 1275 2011 administrationis
1318 1968 1644 2010 Borussicae
1685 1982 1781 2010 nec
1822 1981 1922 2010 non
1961 1948 2314 2010 Germanicae
2354 1967 2418 2010 ita

156 2065 227 2097 ter
269 2068 315 2109 p.
359 2054 402 2096 h.
445 2053 544 2096 hor.
588 2054 673 2105 IX;
717 2053 766 2108 4)
809 2052 1275 2095 conversatorium
1320 2052 1385 2093 de
1424 2051 1656 2094 historia
1696 2050 1907 2106 imperii
1948 2061 1998 2092 et
2034 2049 2170 2105 juris
2211 2048 2418 2104 publici

157 2137 459 2181 Germanici
492 2136 919 2179 exercitationes
951 2133 1304 2189 adjuncturus
1345 2135 1543 2177 instituet
1586 2134 1661 2176 die
1692 2133 1850 2176 Martis
1881 2134 1979 2176 hor.
2012 2134 2056 2175 V
2087 2143 2133 2175 et
2163 2133 2239 2176 VI.
2271 2156 2330 2164 —-
2361 2133 2418 2188 Π)

155 2221 464 2264 Privatissime
484 2221 567 2263 sed
589 2220 733 2277 gratis
754 2220 802 2261 in
824 2218 1114 2262 seminario
1138 2217 1568 2259 exercitationes
1584 2215 1848 2272 juridicas
1870 2215 2182 2259 moderabitur
2203 2215 2302 2258 hor.
2325 2215 2416 2258 def.

678 2491 727 2547 ⁶3)
758 2488 1185 2534 PROFESSORUM
1217 2483 1896 2531 EXTRAORMNAmoRUM.

812 2646 896 2686 DR.
928 2642 1256 2686 ERNESTUS
1287 2640 1552 2691 STAMPE,
1585 2654 1623 2682 Ρ.
1655 2654 1692 2682 Ρ.
1726 2653 1766 2681 Ε.

368 2765 406 2821 Ι)
438 2764 654 2807 Privatim
691 2762 728 2816 1)
758 2763 1143 2818 pandectarum
1175 2770 1379 2815 partem
1411 2758 1630 2813 primam
1661 2757 1843 2799 docebit
1873 2765 2038 2811 quater
2058 2769 2104 2810 p.
2126 2755 2169 2797 h.
2191 2754 2290 2796 hor.
2311 2755 2414 2805 X11;

157 2849 203 2904 2)
234 2848 612 2891 institutiones
653 2845 792 2900 juris
838 2844 1062 2887 Romani
1109 2843 1258 2885 tradet
1306 2851 1465 2896 quater
1508 2855 1553 2895 p.
1598 2840 1641 2881 h.
1679 2839 1778 2882 hor.
1809 2839 1894 2889 X1;
1940 2837 1986 2893 3)
2016 2836 2414 2880 conversatorii

155 2932 546 2987 pandectarum
578 2939 784 2984 partem
816 2927 1027 2970 tertiam
1060 2925 1244 2967 habebit
1278 2925 1351 2965 die
1382 2923 1519 2965 Merc.
1551 2923 1649 2964 hor.
1683 2922 1726 2964 V
1758 2931 1803 2963 et
1833 2922 1910 2963 vl.
1942 2945 2002 2951 —-
2031 2919 2087 2974 Π)
2107 2919 2415 2962 Privatissime

156 3015 241 3057 sed
273 3014 418 3070 gratis
450 3012 880 3056 exercitationes
915 3009 1182 3065 juridicas
1224 3005 1650 3062 exegeticasque
1690 3004 1739 3045 in
1779 3002 2064 3046 seminario
2102 3001 2413 3044 moderabitur

154 3098 255 3140 bor.
287 3098 377 3140 def.

870 3201 957 3241 Da.
990 3199 1047 3241 G.
1081 3194 1488 3245 FROMMHOLD,
1521 3209 1558 3235 Ρ.
1591 3208 1627 3235 Ρ.
1661 3207 1700 3234 Β.

370 3309 407 3365 Ι)
438 3308 654 3352 Privatim
709 3306 751 3361 1)
782 3305 1065 3348 historiam
1114 3301 1322 3357 imperii
1369 3310 1418 3342 et
1456 3299 1593 3354 juris
1637 3297 1940 3341 Germanici
1981 3296 2208 3338 enarrabit
2250 3305 2413 3349 quater

156 3407 242 3449 per
272 3393 316 3435 h.
350 3393 449 3434 hor.
483 3391 567 3442 IX;
600 3389 646 3444 2)
671 3389 759 3444 jus
791 3385 1186 3435 commemiale,
1221 3381 1500 3433 cambiale,
1533 3381 1852 3423 maritimum
1883 3378 2068 3421 docebit
2098 3387 2261 3432 quater
2291 3391 2336 3432 p.
2366 3377 2410 3419 h.

157 3477 256 3518 hor.
278 3475 347 3525 X;
378 3474 426 3530 3)
448 3471 915 3516 conversatorium
937 3470 1002 3511 de
1018 3467 1137 3523 jure
1159 3466 1372 3521 privato
1394 3462 1713 3506 Germanico
1734 3461 1946 3509 instituet,
1970 3459 2411 3501 exercitationes

151 3557 419 3612 juridicas
448 3555 757 3611 adjuncturus,
796 3551 939 3595 semel
980 3566 1026 3606 p.
1059 3550 1102 3591 h.
1134 3549 1231 3590 hor.
1264 3547 1307 3589 V
1339 3555 1385 3587 et
1415 3545 1491 3588 VI.
1540 3566 1591 3575 --
1642 3543 1697 3597 11)
1737 3541 2044 3585 Privatissime
2073 3541 2156 3583 sed
2186 3540 2331 3598 gratis
2361 3540 2410 3584 in

156 3638 443 3684 seminario
475 3635 904 3681 exercitationes
929 3631 1193 3691 juridicas
1225 3627 1535 3673 moderabitur
1566 3626 1663 3668 hor.
1696 3625 1785 3671 def.
