2670 3952
564 537 1320 611 VNIVERSITATIS
1425 536 2080 611 LITTERARIAE

814 703 1828 819 GRYPHISWALDENSIS

1201 873 1517 905 RECTOR

427 996 1173 1093 GVSTAVVS
1308 994 2217 1092 PESOATORE

1253 1168 1399 1200 CVM

845 1278 1230 1334 CONGILIO
1321 1278 1806 1333 ACADEMICO

1262 1403 1298 1435 S.
1350 1404 1396 1435 D.

970 1519 1212 1563 CIVIBVS
1278 1520 1677 1564 ACADEMICIS.

416 1826 516 1908 EX
542 1879 636 1920 quo
659 1866 717 1907 de
739 1862 1193 1907 ‘Phaenomenorum’
1215 1864 1471 1905 Germanici
1495 1865 1829 1919 compositione
1862 1864 2049 1907 consilio
2073 1875 2278 1920 tempore
2301 1867 2458 1921 quaeri

189 1959 406 2003 coeptum
459 1960 546 1999 est,
601 1949 721 1990 duae
773 1932 1058 2003 potissimum
1111 1947 1317 1989 carminis
1370 1948 1705 2002 portiunculae,
1761 1949 2035 2003 prooemium
2093 1940 2255 2000 altera,
2315 1949 2458 1991 altera

189 2047 232 2075 v.
263 2034 347 2088 558
361 2033 497 2087 —560
529 2032 772 2083 continens,
806 2032 990 2073 tractari
1022 2031 1080 2072 ab
1115 2031 1435 2084 interpretibus
1474 2042 1759 2074 consuerunt.
1823 2033 1880 2073 Et
1911 2033 1953 2073 in
1994 2033 2221 2086 prooemio
2260 2033 2458 2087 quidem,

190 2117 317 2172 quod
350 2116 480 2158 nobis
512 2116 622 2158 satis
654 2115 836 2158 videtur
866 2115 1174 2169 perspicuum,
1218 2115 1469 2156 enarrando
1502 2115 1589 2156 dici
1627 2115 1782 2170 nequit
1815 2125 2033 2169 quantum
2066 2116 2125 2157 ad
2158 2115 2275 2157 hunc
2313 2131 2459 2170 usque

189 2201 310 2242 diem
342 2211 387 2242 et
419 2214 554 2254 quam
594 2199 731 2241 variis
770 2199 947 2240 errandi
988 2198 1261 2254 ambagibus
1306 2208 1543 2252 peccatum
1586 2198 1656 2249 sit,
1699 2198 1889 2240 alteram
1932 2213 2067 2253 quam
2108 2199 2460 2255 significavimus

194 2298 409 2327 versuum
442 2284 632 2325 triadem
671 2296 815 2337 nuper
854 2297 914 2324 ex
946 2292 1078 2337 parte
1109 2281 1269 2324 saltem
1311 2291 1435 2323 recte
1466 2280 1737 2323 intellectam
1770 2295 1871 2323 esse
1912 2280 1971 2322 ab
2013 2282 2044 2324 Ι.
2077 2281 2375 2336 Maybaumio
2417 2283 2459 2324 in

189 2366 346 2409 libello
379 2367 643 2408 academico
675 2365 993 2408 Rostochiensi
1025 2364 1104 2408 eDe
1135 2365 1327 2408 Cicerone
1358 2367 1397 2406 et
1426 2364 1678 2407 Germanico
1698 2364 1828 2407 Arati
1859 2363 2173 2418 interpretibu-s'
2205 2379 2321 2407 anno
2349 2368 2459 2422 1889

195 2451 361 2492 emisso
393 2464 482 2491 non
514 2450 609 2492 sine
639 2449 813 2505 gaudio
844 2449 1256 2491 animadvertimus.
1319 2447 1365 2489 A
1397 2447 1523 2489 cuius
1554 2447 1926 2502 interpretatione
1958 2448 2055 2490 sive
2078 2447 2339 2503 supplenda
2360 2451 2459 2493 sive

192 2532 489 2575 emaculanda
519 2532 652 2574 huius
684 2530 1040 2574 commentarioli
1083 2531 1252 2573 initium
1297 2531 1557 2585 repetimus,
1600 2531 1890 2572 obscuratam
1938 2531 2147 2584 prooemii
2191 2533 2459 2574 sententiam

193 2627 239 2659 et
270 2627 587 2672 argumentum
618 2625 796 2670 postea,
829 2614 866 2656 si
898 2627 1156 2668 possumus,
1190 2613 1475 2655 declaraturi.

406 2688 473 2741 lta
504 2699 643 2755 igitur
675 2698 734 2740 de
765 2697 1030 2752 Capricorni
1063 2707 1108 2738 et
1139 2697 1332 2751 Aquarii
1364 2696 1588 2738 sideribus
1619 2710 1663 2738 v.
1698 2697 1931 2751 554—564
1964 2696 2279 2740 Germanicus:

757 2781 954 2825 cochlidis
985 2781 1194 2833 inventor,
1228 2781 1348 2823 cuius
1382 2779 1566 2822 Titania
1594 2779 1706 2832 flatu

753 2864 923 2919 proelia
954 2864 1158 2907 commisit
1190 2863 1389 2906 divorum
1422 2862 1570 2905 laetior
1599 2865 1713 2905 aetas

758 2947 977 2990 bellantem
1007 2947 1203 2990 comitata
1234 2946 1388 3000 Iovem,
1412 2945 1584 2999 pietatis
1607 2945 1828 3007 honorem,

760 3034 808 3073 ut
835 3030 979 3085 fuerat
1005 3030 1201 3085 yeminus
1229 3028 1384 3083 forma,
1415 3028 1473 3070 sic
1502 3026 1634 3070 sidere
1679 3027 1796 3081 cepit.

763 3113 843 3166 hie,
876 3113 1078 3168 Aaquste,
1113 3112 1257 3154 Taum
1285 3109 1465 3166 yenitali
1496 3124 1664 3164 corpore
1694 3123 1855 3152 numen

760 3196 964 3238 attonitas
995 3196 1108 3238 inter
1136 3193 1271 3250 gentis
1297 3192 1569 3246 patriamque
1598 3194 1816 3246 paventem

760 3278 811 3321 in-
841 3277 999 3320 caelum
1033 3277 1131 3320 tulit
1160 3279 1196 3319 et
1227 3274 1433 3318 maternis
1463 3274 1649 3317 reddidit
1679 3274 1819 3317 astris.

758 3361 986 3415 proximus
1016 3359 1208 3414 infestas,
1243 3359 1341 3401 olim
1373 3370 1479 3411 quas
1508 3356 1689 3413 fastrat,
1722 3357 1864 3399 undas

764 3443 1003 3487 Deucalion
1026 3456 1210 3497 parvam
1243 3440 1479 3486 defundens
1510 3439 1674 3482 indicat
1703 3452 1877 3481 urncmc.

763 3539 919 3570 anima
950 3525 1207 3568 concludunt
1237 3523 1389 3578 Syriae
1420 3522 1503 3564 duo
1542 3523 1730 3565 numina
1763 3521 1895 3563 Piscis

771 3612 956 3668 tempora
963 3621 976 3662 ,·
1010 3610 1110 3653 tunc
1141 3607 1292 3653 itermn
1320 3603 1567 3660 praedictus
1597 3605 1790 3647 nascitur
1812 3603 1926 3649 ordo.
