2670 3952
1280 367 1344 410 IX

167 507 454 564 paoeimperio
476 507 777 550 Romanorum
797 508 965 550 reddita
987 511 1056 551 est.
1119 508 1216 550 Pax
1240 520 1305 550 est
1330 509 1544 566 Aug-usti,
1564 519 1609 550 et
1631 506 1805 562 templo
1827 517 1871 549 et
1893 506 2114 563 religione
2135 507 2194 548 ab
2218 505 2436 562 Augusto

176 591 389 634 institutis
425 591 470 632 id
504 591 725 645 temporis
757 590 1065 633 celeberrima.
1129 593 1193 635 Ita
1231 604 1333 635 ante
1371 591 1713 647 Maybaumium
1754 590 2025 631 censebatur
2063 599 2106 630 et
2143 589 2310 630 abhinc
2340 602 2438 629 cen-

176 673 352 717 sebitur
383 674 550 715 denuo.
619 672 820 714 Gravius
858 674 941 714 erit
981 674 1188 724 fortasse,
1232 677 1355 729 quod
1390 689 1415 716 e
1446 688 1490 716 v.
1529 688 1558 728 9
1588 671 1981 726 interpolationem
2013 671 2325 726 redintegrato
2363 670 2439 711 de·

179 755 388 799 dicator-ii
420 755 629 798 carminis
657 766 929 809 argumento
969 771 1030 798 ex
1062 757 1334 798 editionibus
1366 769 1505 811 posse
1543 754 1676 797 nobis
1713 767 1953 796 removere
1984 753 2207 795 videmur.
2269 752 2335 793 Ibi
2366 765 2439 794 co-

179 822 757 894 dicumssre&sigianorum
788 852 897 893 pars
917 837 995 892 (Β1
1020 839 1066 881 Ε
1087 839 1122 882 S
1148 839 1187 882 A
1217 840 1265 880 Va
1304 840 1355 880 1⁷¹>
1378 840 1423 895 y)
1469 838 1657 880 exhibet
1683 840 1828 892 parta,
1866 850 1975 891 pars
2006 835 2164 886 altera,
2187 835 2300 877 inter
2322 847 2450 897 quos*

179 921 448 965 Basileensis
480 931 753 971 numeratur,
787 924 924 965 tanta.
987 922 1052 963 At
1090 933 1334 977 pepererat
1372 922 1614 978 Augustus
1646 921 1842 963 Actiaco
1880 919 2059 975 proelio
2091 919 2291 974 quietem
2322 917 2437 969 orbi,

181 1015 361 1061 partam
392 1002 714 1059 praestabat.¹)
776 1005 968 1056 Quodsi,
1003 1018 1103 1046 cum
1136 1005 1181 1047 vi
1213 1006 1336 1059 quod
1370 1005 1568 1059 positum
1602 1017 1703 1046 esse
1734 1014 1941 1058 apparet,
1975 1002 2325 1057 praeferendum
2356 1009 2438 1051 ωε,

175 1091 308 1144 parta
338 1097 508 1142 poetae
540 1087 817 1129 restituimus
848 1087 971 1129 haud
1003 1088 1159 1131 invito.

394 1227 627 1270 Absoluta
659 1225 1102 1270 ‘Phaenomenorum’
1130 1228 1289 1284 (1—72
1296 1229 1340 1284 5)
1363 1230 1607 1284 scriptione
1637 1242 1740 1271 sese
1771 1228 1829 1269 de
1862 1226 2054 1281 planetis
2090 1225 2189 1268 sive
2219 1224 2270 1284 in·
2294 1223 2440 1266 altero

109 1364 118 1370 ·
182 1311 377 1354 carmine
406 1311 506 1353 sive
535 1311 578 1352 in
610 1309 756 1352 altero
789 1311 991 1352 eiusdem
1024 1311 1178 1365 operis
1220 1311 1448 1354 volumine
1488 1322 1693 1354 acturum
1736 1324 1838 1352 esse
1880 1309 2175 1351 Germanicus
2219 1322 2262 1350 v.
2294 1320 2440 1361 440—

181 1407 268 1449 445
301 1394 365 1435 ita
394 1393 626 1449 pollicitus
658 1403 745 1434 est:

678 1475 800 1518 haud
829 1475 1019 1530 equidem
1043 1476 1181 1530 possis
1211 1476 1299 1519 alio
1330 1477 1572 1533 contingere
1600 1477 1734 1532 signo,

677 1570 784 1611 quae
814 1558 924 1600 divis
953 1558 1075 1600 sedes.
1138 1558 1237 1601 hinc
1268 1562 1391 1613 atque
1423 1559 1524 1602 hinc
1553 1572 1671 1614 saepe
1701 1558 1900 1600 indentur

679 1653 843 1682 occasus
873 1643 1083 1694 ortusque.
1117 1654 1255 1695 ‘neque
1285 1641 1508 1695 anfractus
1538 1641 1672 1683 brevis
1702 1639 1790 1682 illis

679 1735 947 1776 annosasque
978 1723 1070 1765 vias
1101 1723 1249 1766 tardus
1279 1724 1351 1766 vix
1374 1723 1538 1778 perficit
1568 1722 1691 1766 orbis.

680 1803 754 1847 hoc
784 1819 888 1859 opus
918 1805 1094 1848 arcanis
1123 1806 1163 1848 si
1192 1806 1358 1848 credam
1383 1806 1600 1860 postmodo
1631 1805 1783 1858 Musis,

680 1890 841 1941 tempus
870 1891 908 1930 et
938 1889 1023 1942 ipse
1054 1888 1172 1931 labor
1202 1890 1446 1942 (patiantur
1471 1888 1610 1944 fatal)
1641 1888 1805 1931 docebit.
2142 1945 2150 1948 Δ

183 1970 243 2012 Et
275 1969 509 2012 consilium
547 1980 690 2024 poeta
728 1969 842 2012 illud
872 1985 1038 2025 reapse
1070 1981 1315 2013 exsecutus
1347 1982 1428 2013 est.
1490 1971 1587 2013 Sed
1619 1971 1677 2012 de
1708 1971 1794 2012 hac
1824 1984 1874 2011 re
1905 1967 2213 2023 postmodum.
2265 1964 2440 2007 Etenim

186 2067 325 2104 error,
357 2053 623 2108 priusquam
653 2055 971 2108 procedamus,
1003 2054 1211 2110 Hugonis
1234 2055 1382 2096 Grotii
1405 2054 1703 2096 confutandus
1735 2065 1804 2095 est
1835 2067 1881 2107 p.
1912 2067 1927 2092 1
1955 2047 2215 2100 ‘Notarum'‚
2248 2047 2442 2090 alterum

185 2149 240 2178 ac
272 2135 503 2178 diversum
534 2150 562 2178 a
593 2137 802 2178 versibus
838 2150 1007 2193 1—725
1041 2138 1312 2191 opusculum
1343 2138 1402 2178 de
1432 2137 1626 2191 planetis
1658 2137 1795 2177 edere
1827 2134 2146 2177 Germanicum
2177 2142 2282 2173 tunc
2312 2130 2442 2173 volu·

184 2219 276 2262 isse
307 2233 334 2260 e
364 2219 574 2262 versibus
606 2234 724 2274 quos
744 2221 885 2263 modo
916 2219 1149 2262 attulimus
1180 2220 1427 2262 iudicantis.
1488 2219 1628 2261 Posse
1659 2219 1722 2260 ita
1752 2232 1837 2273 per
1867 2231 1918 2259 se
1939 2214 2188 2258 existimari
2209 2213 2441 2269 largimur.

185 2301 343 2344 Potest
379 2316 493 2344 vero
532 2303 667 2344 etiam
705 2303 929 2357 quispiam
967 2303 1032 2345 sic
1068 2317 1162 2344 rem
1199 2304 1284 2344 sibi
1323 2316 1612 2357 componere,
1653 2311 1703 2343 ut
1740 2301 1969 2356 quandam
2013 2298 2203 2341 alteram
2241 2296 2444 2338 eiusdem

186 2385 247 2426 de
282 2385 413 2426 caelo
450 2386 603 2440 operis
640 2396 831 2440 partem,
865 2386 1119 2440 perscripta
1150 2387 1237 2427 iam
1270 2388 1326 2427 de
1358 2387 1462 2428 fixis
1498 2385 1723 2428 sideribus
1760 2385 1915 2438 priore
1954 2383 2166 2438 portione
2203 2395 2257 2423 ac
2294 2377 2439 2422 divul-

185 2477 310 2524 gata,
342 2469 537 2524 aggredi
570 2469 887 2510 Germanicum
918 2469 1162 2510 instituisse
1198 2470 1422 2523 opinetur.
1489 2468 1692 2522 Optione
1730 2467 1836 2508 data
1875 2466 2158 2507 extrinsecus
2201 2461 2440 2504 discrimen

186 2552 486 2607 repetendum
517 2553 600 2594 erit
631 2553 814 2594 inferius
843 2567 889 2607 p.
907 2552 956 2593 X
972 2566 1040 2607 sq.
1074 2552 1268 2595 Causam
1301 2566 1414 2595 vero
1444 2553 1664 2603 videmur,
1699 2565 1778 2592 cur
1816 2549 2111 2592 Germanicus
2148 2546 2342 2589 omissos
2377 2543 2437 2586 ab

186 2633 336 2676 Arato
379 2634 587 2689 planetas
627 2649 835 2677 seorsum
879 2646 1074 2677 tractare
1119 2635 1298 2678 aliunde
1339 2635 1621 2690 supplendos
1663 2635 1763 2690 ipse
1795 2633 2092 2683 constituerit,
2138 2630 2273 2672 nobis
2304 2625 2438 2669 facile

185 2719 459 2772 repperisse.
520 2718 759 2782 Superare
784 2719 901 2760 enim
922 2718 1129 2769 Aratum,
1162 2720 1243 2760 nisi
1275 2718 1467 2760 fallimur
1499 2718 1701 2774 egregie,
1733 2717 1904 2760 studuit
1927 2714 2225 2757 Germanicus
2255 2723 2444 2766 prorsus

186 2801 507 2856 desperantem
539 2801 701 2857 plenus
730 2802 938 2853 fiduciae,
970 2802 1110 2843 modo
1141 2802 1271 2857 legas
1303 2816 1344 2843 v.
1375 2802 1630 2856 454—461:

683 2886 721 2928 οἱ
751 2883 788 2928 δ’
817 2886 951 2943 ἐπιμὶξ
981 2885 1100 2928 ἄλλοι
1131 2883 1242 2929 πέντ’
1272 2886 1438 2942 ἀστέρες
1468 2887 1585 2929 οὐδὲν
1616 2885 1746 2942 ὁμοῖοι

682 2969 891 3014 πάντοθεν
922 2969 1104 3013 εἰδώλων
1135 2969 1382 3011 δυοκαίδεκα
1413 2968 1649 3012 δινεύονται.

684 3055 762 3095 οὐκ
792 3055 842 3096 ἂν
873 3050 929 3096 ἔτ’
959 3054 1016 3104 εἰς
1047 3053 1197 3101 ἄλλους
1228 3053 1357 3108 ὁρόων
1388 3053 1679 3108 ἐπιτεκμήραιο

684 3137 830 3180 κείνων
859 3137 930 3193 ἧχι
960 3137 1142 3191 κέονται,
1173 3138 1260 3178 ἐπεὶ
1291 3137 1438 3186 πάντες
1470 3136 1716 3192 μετανάσται

685 3218 853 3277 (μακροὶ
883 3220 928 3262 δὲ
959 3220 1096 3275 σφεών
1127 3219 1225 3262 εἰσιν
1256 3218 1527 3273 ἑλισσομὲνων
1555 3215 1743 3270 ἐνιαυτοί,

686 3306 825 3360 μακρὰ
855 3305 900 3346 δὲ
930 3304 1097 3359 σήματα
1126 3311 1257 3346 κεῖται
1287 3302 1528 3357 ἀπόπροθεν
1559 3303 1615 3352 εἰς
1645 3302 1688 3343 ἓν
1719 3297 1893 3354 ἰόντων),

686 3386 772 3431 οὐδ’
803 3389 862 3431 ἔτι
893 3388 1127 3444 θαρσαλέος
1156 3388 1301 3429 κείνων
1333 3385 1428 3439 ἐγὼ.
1491 3387 1630 3439 ἄρκιος
1662 3386 1747 3439 εἴην

686 3470 904 3515 ἀπλανέων
934 3473 987 3514 τά
1016 3486 1060 3512 τε
1091 3471 1227 3512 κύκλα
1259 3470 1309 3510 τά
1339 3466 1373 3509 τ’
1406 3466 1541 3523 αἰθέρι
1573 3462 1721 3521 σήματ’
1752 3468 1940 3508 ἐνισπεῖν.
1974 3485 2027 3493 -·

404 3585 434 3630 ¹)
461 3587 514 3621 ef.
541 3586 665 3620 Ovidii
683 3586 785 3624 Fast,
804 3588 869 3620 I'v.
889 3598 955 3628 709
969 3598 1067 3628 sqq.:
1096 3587 1206 3630 ipsum
1235 3596 1294 3619 nos
1318 3594 1455 3619 carmen
1478 3583 1626 3618 deduxit
1642 3582 1744 3616 Pacis
1765 3581 1811 3615 ad
1834 3591 1937 3615 aram
1975 3607 1983 3614 .
2002 3607 2010 3614 .
2027 3606 2032 3610 .
2052 3607 2054 3609 ,
2071 3578 2175 3622 utque
2200 3575 2335 3617 domus,
2359 3582 2447 3618 quae

187 3648 351 3691 praestat
369 3657 458 3691 omn,
482 3657 563 3683 oum
583 3657 670 3692 paee
690 3649 866 3691 perennet,
906 3646 954 3681 ad
982 3646 1044 3690 pia
1073 3654 1259 3689 propensos
1291 3645 1364 3677 rata
1397 3643 1511 3686 royate
1541 3641 1618 3675 deos
1675 3639 1778 3680 Vide,
1810 3649 1902 3682 quae
1935 3638 1979 3670 de
2005 3636 2139 3670 Ovidio
2165 3636 2200 3668 in
2225 3633 2324 3666 oelce
2350 3641 2445 3664 com-

191 3706 392 3741 mentatioli
416 3706 623 3750 disputaturi
646 3715 775 3739 sumus.
