2670 3952
1297 330 1363 372 XI

203 474 305 509 esto
335 465 552 508 insertam
580 464 933 510 ‘Phaenomenis‘
962 468 1056 511 suis
1087 469 1146 511 de
1177 468 1369 524 planetis
1410 471 1708 514 narrationem
1752 471 1815 526 (v,
1844 485 1955 527 1509
1986 471 2107 527 sqq.)
2146 473 2210 515 ita
2249 474 2462 516 ordinans

206 558 257 592 ut
322 549 484 591 fecisse
547 549 866 592 Germanicum
919 552 970 593 fr.
1025 552 1078 593 111
1132 554 1344 596 vidimus:
1421 554 1644 597 Saturnus
1702 555 1903 610 Iuppiter
1960 556 2083 598 Mars
2139 556 2261 611 (Sol)
2308 558 2462 600 Venus

199 631 456 675 Mercurius
478 630 658 686 (Luna).
719 632 780 674 Et
802 633 1123 676 Germanicum
1147 637 1425 680 meminimus
1458 636 1664 692 planetas
1695 637 1914 693 peculiari
1945 640 2149 682 carminis
2181 641 2298 695 parti
2330 654 2463 695 sepo-

204 714 351 758 suisse
382 715 447 770 (p.
475 713 556 770 X).
618 715 869 759 Luculenta
900 717 1039 772 igitur
1070 732 1161 759 res:
1202 721 1342 774 partis
1379 721 1498 764 illius
1534 722 1732 774 alterius,
1772 738 1908 778 quam
1946 724 2087 766 modo
2126 724 2336 775 diximus,
2374 724 2463 767 hoc

204 798 356 854 ipsum
405 799 708 856 fragmentum
761 801 944 844 codices
997 803 1276 846 tradiderunt
1334 807 1483 848 adhuc
1521 806 1660 848 ferme
1706 806 2091 861 necopinantibus.
2175 808 2270 849 Nec
2313 818 2461 850 tamen

202 881 347 924 defuit
388 882 465 936 qui
508 892 612 924 ante
645 896 728 925 nos
760 885 885 938 quod
918 899 1137 927 summum
1172 887 1235 928 rei
1269 900 1335 929 est
1369 889 1762 940 animadverteret,
1802 889 1884 931 sed
1923 890 2110 945 Hugoni
2142 890 2308 932 Grotio
2339 890 2403 945 (p.
2444 905 2457 932 1

207 961 475 1020 ‘Notarum')
517 965 689 1007 dudum
721 977 933 1026 repertae
965 968 1029 1011 rei
1060 970 1143 1011 sed
1175 983 1202 1011 a
1234 971 1563 1025 posterioribus
1595 971 1758 1014 criticis
1801 971 2090 1014 oblitteratae
2129 972 2371 1027 gloriolam
2417 985 2464 1016 ut

200 1061 286 1102 par
317 1058 386 1090 est
418 1047 492 1104 (cf.
528 1062 573 1104 p.
606 1048 693 1105 IX)
726 1050 1028 1094 concedimus.
1582 1038 1585 1041 ‚

412 1167 487 1208 Fr.
522 1167 559 1209 II
591 1167 657 1222 (p.
690 1181 747 1224 43
779 1183 848 1224 sq.
872 1169 965 1225 Br.)
998 1172 1231 1214 codicibus
1255 1173 1464 1216 Leidensi
1496 1185 1541 1216 et
1563 1174 1773 1216 Beruensi
1799 1184 2031 1217 servatum
2063 1185 2144 1217 est.
2206 1175 2465 1230 Exponitur

200 1248 291 1292 illic
323 1249 535 1292 versibus
567 1251 728 1307 viginti
760 1253 956 1304 duobus,
990 1268 1110 1308 quae
1142 1266 1439 1310 tempestates
1475 1258 1615 1313 signis
1654 1257 1835 1299 Zodiaei
1874 1257 2133 1308 efficiantur,
2173 1257 2297 1299 nullo
2335 1258 2464 1299 inter-

200 1331 327 1376 vallo
359 1333 476 1376 bene
506 1333 567 1376 ita
600 1334 859 1378 continuata
890 1351 933 1379 v.
970 1351 1023 1393 23
1055 1352 1157 1393 sqq.
1191 1340 1416 1382 oratione:

700 1431 798 1475 haec
830 1436 877 1476 ut
907 1434 1083 1488 quisque
1113 1435 1214 1478 deus
1239 1436 1420 1490 possedit
1450 1436 1631 1479 ‘numine
1659 1437 1783 1490 siqua

698 1516 950 1574 adiunyunt
972 1519 1178 1573 proprias
1208 1519 1315 1561 vires
1349 1553 1357 1561 .
1391 1522 1550 1573 torpere
1580 1519 1779 1562 videntur

703 1601 850 1644 omnia
881 1599 1096 1655 Saturnoj
1124 1616 1247 1645 raros
1278 1601 1348 1645 ille
1376 1602 1578 1656 exprimit
1607 1601 1720 1657 iynis

698 1686 735 1726 et
763 1684 891 1727 siccas
921 1683 1072 1727 hiemes
1103 1685 1316 1728 adstrictis
1341 1684 1507 1739 perficit
1534 1684 1677 1727 undis.

695 1767 913 1822 qrandine
943 1768 1163 1811 durantur
1193 1769 1376 1822 pluviae.
1409 1769 1507 1812 nive
1534 1769 1702 1824 qrando
1726 1767 1931 1822 putrescit

697 1853 735 1893 et
764 1850 882 1906 νέμον
914 1851 1070 1895 accedit
1099 1851 1234 1894 ventis
1267 1885 1275 1892 .
1309 1851 1556 1894 mitissimi&
1587 1851 1669 1894 ille.

205 1926 491 1968 Enumeratis
523 1926 663 1982 igitur
699 1933 941 1975 duodecim
974 1933 1114 1989 signis
1147 1933 1429 1988 planetarum
1466 1949 1550 1990 per
1581 1934 1823 1976 Zodiacum
1863 1933 2019 1975 itinera
2051 1931 2292 1984 descripsit
2330 1944 2356 1971 a
2387 1930 2467 1972 Sa·

205 2023 338 2056 turno
361 2029 570 2057 exorsus.
634 2016 795 2071 Neque
820 2030 930 2058 vero
953 2031 1007 2058 ne
1029 2016 1210 2059 Saturni
1244 2017 1425 2071 quidem
1459 2017 1578 2059 viam
1610 2016 1789 2072 singula
1823 2031 1905 2071 per
1936 2017 2065 2071 signa
2098 2024 2365 2069 persecutus
2398 2024 2466 2055 est

206 2107 465 2152 excerptor,
504 2098 587 2140 sed
626 2099 927 2155 fragmentum
967 2100 1088 2142 haud
1128 2100 1189 2141 ita
1227 2100 1364 2156 longe
1402 2101 1460 2141 ab
1499 2100 1624 2141 initio
1666 2100 1863 2154 abrupit.
1926 2098 2322 2140 Commeminimus
2354 2111 2467 2138 vero

205 2192 424 2236 quattuor
463 2181 665 2237 reliquos
698 2182 904 2237 planetas
947 2184 996 2224 fr.
1042 2184 1097 2224 III
1142 2194 1373 2232 tractatOS‚
1420 2196 1510 2237 qua
1551 2181 1613 2223 illi
1652 2182 1826 2224 ratione
1874 2191 1919 2222 et
1958 2195 2050 2235 quo
2090 2181 2255 2222 effectu
2288 2178 2467 2235 singula

207 2264 389 2307 Zodiaci
430 2265 561 2320 signa
603 2266 871 2319 pervadant,
914 2277 1127 2307 accurate
1169 2267 1351 2308 narrari.
1425 2265 1591 2306 Hiante
1631 2265 1815 2318 quidem
1861 2264 2067 2305 oratione
2108 2263 2466 2308 subnectendum

206 2358 356 2391 tamen
389 2363 504 2399 esse,
537 2358 587 2390 ut
618 2349 713 2390 fere
746 2349 913 2390 factum
946 2359 1016 2391 est
1048 2349 1108 2390 ab
1141 2344 1447 2401 editoribus‚¹)
1479 2347 1781 2403 fragmentum
1813 2347 1869 2387 ΙΙΙ
1901 2361 1944 2388 v.
1969 2361 1983 2386 1
2022 2360 2122 2400 sqq.
2157 2344 2316 2387 ultimo
2347 2346 2467 2400 frag-

205 2432 342 2474 menti
373 2433 410 2473 H
442 2431 672 2474 versiculo
705 2432 759 2474 28
791 2432 1074 2474 arbitramur.

422 2538 619 2582 Facilius
651 2540 709 2581 de
741 2540 793 2581 fr.
833 2540 870 2580 Ib
911 2539 974 2595 (v.
1007 2553 1200 2594 41—55:
1240 2553 1339 2579 nam
1371 2553 1414 2579 v.
1447 2551 1506 2592 40
1543 2553 1569 2579 e
1606 2552 1648 2580 v.
1684 2551 1764 2592 531
1804 2535 2103 2590 interpolatus
2135 2536 2222 2591 est)
2254 2536 2468 2578 iudicium

207 2622 474 2676 capessitur.
537 2623 644 2674 Quo
675 2633 854 2677 septem
886 2623 1079 2677 primum
1112 2632 1426 2663 enumerantur
1464 2619 1687 2675 planetae,
1728 2620 1893 2661 deinde
1933 2630 2084 2660 motus
2124 2633 2280 2660 eorum
2319 2619 2467 2674 singu-

207 2704 315 2748 laris
346 2705 609 2748 illustratur.
673 2707 962 2761 Deprompta
994 2706 1106 2747 haec
1140 2720 1199 2746 ex
1232 2705 1391 2746 eadem
1432 2702 1509 2744 illa
1545 2717 1647 2745 esse
1678 2700 2125 2744 ‘Phaenomenorum'
2163 2712 2308 2756 parte,
2349 2715 2468 2755 quae

207 2788 416 2844 planetas
447 2789 720 2842 continebat,
753 2789 959 2832 obtuenti
991 2788 1197 2843 adparet.

420 2896 697 2952 Fragmenta
729 2897 878 2938 omnia
909 2895 1336 2950 pervestigavimus‚
1375 2902 1424 2934 ut
1462 2902 1561 2934 tuto
1602 2905 1715 2933 nunc
1754 2890 1971 2932 faciamus
2003 2903 2237 2931 summam.
2300 2889 2411 2930 Tria
2443 2903 2468 2929 e

214 2979 475 3021 Germanici
506 2978 793 3033 planetarum
826 2978 1116 3033 expositione
1154 2976 1310 3018 relicta
1348 2975 1484 3015 hodie
1520 2984 1641 3023 sunt;
1679 2987 1812 3014 unum
1847 2973 2147 3028 fragmentum
2186 2971 2379 3012 vidimus
2412 2971 2470 3011 ad

208 3061 457 3116 stellarum'·
477 3062 671 3103 fixarum
704 3061 895 3102 indicem
928 3061 1164 3115 pertinere.
1227 3058 1468 3112 Eclogae
1499 3057 1669 3110 igitur
1702 3069 1726 3095 e
1758 3065 1873 3095 toto
1904 3054 2136 3107 quodam
2159 3053 2468 3094 Germanici

209 3153 458 3198 poemate
508 3141 881 3198 assstro'nomico
930 3157 957 3184 a
999 3143 1176 3183 nescio
1225 3154 1328 3195 quo
1382 3137 1681 3193 anthologo
1718 3138 2039 3190 desumptae
2087 3145 2376 3189 supersunt
2419 3135 2468 3175 in

209 3222 593 3280 ‘Fragmentis'.
684 3225 977 3266 Praeterea
1028 3224 1289 3279 integram
1346 3222 1393 3263 in
1437 3215 1961 3262 ‘Phaenomenorum’
2002 3218 2253 3260 versibus
2302 3230 2467 3272 1—725

209 3318 449 3350 tenemus
487 3308 724 3350 eiusdem
769 3307 1015 3349 carminis
1059 3316 1278 3360 partem.

421 3402 591 3446 Stellas
621 3403 740 3444 fixas
763 3416 824 3443 ex
848 3401 997 3443 Arato
1019 3399 1301 3455 potissimum
1326 3397 1545 3455 prompsit
1569 3396 1882 3446 Germanicus,
1915 3395 1997 3436 sed
2026 3404 2074 3435 ut
2098 3394 2311 3435 addendo
2335 3393 2468 3438 corri-

423 3613 451 3659 ¹)
479 3615 531 3647 Cf.
557 3615 736 3657 Breysigii
761 3613 874 3656 praef.
901 3624 936 3657 p.
963 3613 1081 3646 m.
