2670 3952
1313 379 1426 429 xvi

243 534 257 577 l
291 533 366 590 ³²)
396 543 439 574 et
481 529 617 574 Aulin
648 528 732 583 (ΙΧ
770 530 839 584 ¹9)
871 527 931 570 ita
965 526 1154 582 Megara
1187 524 1433 569 deductam
1470 538 1574 571 esse
1604 535 1842 582 apparat.
1904 524 2114 577 Accedit,
2147 524 2274 582 quod
2306 522 2510 599 Calcha·
2523 498 2546 519 ᾳ

243 613 552 659 Chalcidensis
589 624 671 656 est.
744 611 864 654 Facit
911 620 1200 658 momentum,
1243 606 1374 663 quod
1414 607 1475 652 ad
1507 607 1744 652 Euboime
1787 607 1963 652 Dianae
1994 606 2261 665 religionem
2294 616 2405 652 nota
2444 619 2527 653 α·

242 694 406 741 olliade'
446 694 705 739 Calchantis
747 706 943 749 persona
984 692 1189 735 refertur.
1265 689 1339 733 Ac
1378 689 1525 734 simile
1568 690 1679 748 quid
1722 690 1766 734 in
1812 690 1993 734 Nemesi
2024 686 2332 747 ‘Cypriorum'
2369 686 2511 748 (qm
2537 679 2555 710 “-
2597 728 2601 731 ,
2650 710 2655 714 .

247 778 519 823 Rhamnusia
550 779 638 832 ωε)
669 776 887 820 accidisse
919 785 1110 819 constat.

453 861 595 904 Favet
620 858 876 915 Theognidi
910 858 1044 901 etiam
1076 855 1352 901 Aristotcles
1383 855 1483 901 Eth.
1515 856 1630 902 Eud.
1664 857 1744 902 vn
1779 871 1822 913 p.
1863 870 1970 914 1243
2005 872 2032 901 a
2069 870 2140 915 17:
2172 857 2383 917 ἑνδίχεται
2412 855 2510 917 γάρ,
2555 826 2558 827 ⁷

238 947 338 1002 ὅπερ
369 942 478 1002 ura
510 943 697 999 Θέογνις·
760 940 837 986 ‘ool
875 943 948 998 μὲν
989 948 1123 995 τοῦτο,
1156 939 1253 994 θεά,
1285 940 1472 999 σμικρόν,
1503 941 1593 998 {pol
1624 942 1669 985 at
1701 938 1874 998 μίγα’.“)
1937 940 2118 994 Quarto
2149 940 2288 998 igitur
2318 938 2511 985 saeculo

242 1027 425 1071 traditio
455 1023 737 1082 antiquior.¹)
794 1049 850 1056 —

451 1108 602 1151 Firmo
633 1118 806 1150 structo
839 1107 1130 1149 fundamento
1173 1105 1381 1161 primum,
1419 1107 1548 1163 quod
1588 1117 1656 1151 est
1694 1107 1756 1151 de
1792 1106 2027 1164 Apolline,
2066 1106 2345 1164 poematium
2382 1119 2512 1152 acce-

239 1193 399 1235 dimus.
461 1192 581 1234 ldem
620 1190 751 1233 huius
787 1203 841 1232 ac
881 1189 1045 1245 prioris
1083 1188 1291 1231 carminis
1327 1200 1667 1248 argumentum:
1712 1191 1876 1234 adorat
1915 1189 2181 1247 Apollinem
2219 1202 2373 1247 poeta,
2422 1189 2512 1236 sibi

242 1287 287 1318 ut
321 1269 427 1318 velit
461 1288 561 1317 esse
593 1273 830 1330 propitius.
893 1271 1083 1328 Apollo,
1120 1283 1167 1315 ut
1191 1272 1351 1324 Diana,
1382 1272 1587 1330 Megaris
1619 1272 1806 1330 publice
1837 1272 2092 1317 colebatur.
2154 1273 2205 1317 ld
2236 1286 2352 1318 vero
2382 1273 2516 1318 intes·

241 1369 351 1408 erat,
383 1357 508 1413 quod
542 1356 717 1412 Apollo
748 1353 1041 1414 (Ἀρχηγέτης)
1086 1366 1129 1398 et
1173 1355 1323 1412 gentis
1366 1366 1411 1399 et
1455 1356 1582 1400 urbis
1626 1356 1887 1400 habebatur
1930 1357 2143 1401 conditor
2183 1356 2339 1415 (Paus.
2369 1355 2512 1415 142).

243 1441 309 1484 Ne
339 1441 447 1496 quid
479 1441 675 1491 dubites,
708 1439 1022 1497 Megarensem
1055 1439 1292 1496 Theognis
1322 1438 1423 1496 ipse
1454 1439 1721 1497 Apollinem
1754 1441 1826 1484 bis
1857 1440 2088 1485 invocavit
2120 1439 2183 1497 (v.
2213 1454 2298 1499 755
2329 1454 2434 1498 sqq.
2465 1450 2513 1486 et

239 1537 323 1580 773
344 1523 478 1579 sqq.).
523 1522 629 1574 Sed,
652 1537 772 1578 quae
794 1533 900 1578 post
922 1537 965 1566 v.
987 1535 1016 1577 4
1041 1522 1100 1565 de
1123 1521 1350 1566 natalibus
1371 1522 1603 1580 Apollinis
1624 1524 1847 1577 dicuntur,
1874 1538 1929 1567 ea
1951 1523 2099 1568 aliena
2128 1535 2235 1568 sunt
2266 1525 2358 1580 hoc
2386 1523 2511 1578 loco,

240 1621 341 1650 cum
387 1617 496 1662 apta
536 1617 752 1662 quattuor
792 1606 889 1649 istis
932 1606 1142 1649 versibus
1181 1606 1237 1649 sit
1277 1606 1509 1651 invocatio
1554 1618 1599 1651 et
1636 1609 1697 1651 ad
1734 1622 1867 1652 suum
1904 1609 2037 1652 finem
2075 1609 2349 1665 pervenerit.
2411 1608 2511 1654 Nec

241 1701 388 1732 tamen
421 1703 587 1732 novum
619 1701 664 1732 et
701 1703 784 1745 per
820 1703 870 1732 se
901 1700 1111 1732 constans
1151 1690 1540 1747 indigitamentum
1581 1690 1644 1734 illi
1684 1702 1791 1735 sunt
1822 1691 2048 1745 versiculi,
2086 1692 2171 1736 sed
2202 1691 2359 1750 hymni
2389 1692 2513 1752 frag·

242 1783 436 1815 mentum
467 1772 531 1814 ob
559 1786 602 1814 v.
625 1786 651 1828 3
682 1773 933 1815 adnexum:
956 1773 1345 1827 quemadmodum
1377 1774 1419 1817 in
1441 1774 1483 1817 Τ
1487 1775 1719 1833 heogonia
1740 1774 1976 1820 Hesiodea
1997 1775 2211 1820 nonnulla
2232 1774 2512 1835 interpolata

240 1867 356 1898 sunt.
388 1879 445 1887 —

450 1938 656 1982 Hiulcam
688 1953 790 1982 esse
821 1939 1054 1983 Musarum
1077 1941 1433 1998 Gratiarumque
1462 1942 1787 1987 allocutionem
1817 1957 1900 1987 nos
1933 1944 2066 2000 primi
2092 1942 2153 1999 (ni
2174 1941 2391 2002 fallimur)
2420 1943 2513 1988 ani-

241 2021 574 2065 madvertimus.
637 2022 732 2065 Sed
765 2037 838 2066 res
870 2024 1117 2076 manifesta,
1146 2026 1398 2070 dummodo
1430 2026 1493 2070 ita
1532 2026 1670 2071 tollas
1706 2027 1979 2083 asyndeton,
2012 2037 2063 2070 ut
2101 2026 2266 2083 positis
2298 2025 2512 2072 cancellis

240 2102 554 2159 sustulimus.⁸)
615 2106 788 2149 Desunt
820 2107 957 2150 bodie
995 2123 1156 2163 preces
1194 2124 1349 2152 eoram
1389 2111 1533 2154 Musis
1571 2110 1837 2166 Gratiisque
1877 2110 2212 2166 pronuntiatae,
2253 2124 2310 2154 ne
2347 2110 2513 2155 adem

241 2187 335 2230 sere
365 2199 434 2230 ter
452 2200 735 2244 repeteretur
768 2192 984 2246 precatio.
1047 2192 1239 2236 Defectu
1271 2205 1522 2251 perspecto
1553 2195 1614 2237 de
1644 2194 1814 2238 amisso
1842 2204 2115 2252 argumento
2148 2194 2396 2238 videndum
2425 2202 2511 2239 est.

242 2272 470 2316 Poeticum
493 2274 608 2316 enim
630 2274 741 2317 illud
772 2277 857 2319 ὅττι
887 2277 1018 2320 καλὸν
1049 2276 1152 2322 κτλ’.
1186 2279 1295 2333 quid
1318 2279 1378 2322 ad
1398 2277 1636 2335 syllogam
1661 2276 2041 2335 Theognideam?
2103 2277 2346 2321 Transitus
2377 2275 2513 2321 facile

244 2355 430 2410 pulchre
460 2356 694 2413 eleganter
723 2359 783 2401 ad
815 2358 955 2414 Cyrni
989 2374 1229 2415 personam
1262 2361 1325 2417 (v.
1364 2361 1432 2417 ¹9)
1474 2362 1666 2405 dearum
1703 2361 1828 2415 dicto
1868 2371 2071 2416 paratur.
2132 2360 2182 2404 Si
2223 2361 2335 2417 quid
2367 2358 2508 2415 aliud,

243 2438 339 2480 eius
368 2450 450 2489 est,
481 2441 558 2494 qui
590 2440 747 2496 Cyrno
779 2444 990 2485 cantabat
1024 2444 1226 2487 formoso
1257 2445 1445 2497 amasio,
1478 2444 1555 2488 illa
1588 2456 1632 2488 et
1665 2445 1767 2500 ipsa
1799 2445 2050 2487 invocatio:
2083 2443 2387 2500 Theognidis.

454 2816 687 2861 Dabamus
719 2819 759 2861 in
794 2820 1088 2864 universitate
1120 2822 1416 2879 Gryphiensi,
1449 2823 1555 2868 Kal.
1586 2823 1738 2882 April.
1776 2825 1902 2882 1893.

458 3430 485 3472 ¹)
510 3433 660 3467 imitatur
684 3435 788 3469 etlam
816 3437 1050 3472 Callimachus
1076 3438 1201 3487 Ept‘qr.
1228 3442 1274 3476 vl
1300 3442 1526 3487 Κριοφὺλυι,
1551 3442 1617 3479 M
1641 3442 1734 3487 φίλι,
1758 3444 1863 3479 τοῦτο
1888 3441 1991 3489 μίγα..

456 3487 486 3532 2)
512 3491 599 3525 Hor.
623 3493 690 3529 Sat
719 3494 792 3537 ¹13
818 3506 851 3529 v.
876 3499 942 3539 ²⁸⁴
967 3509 1082 3534 unum
1107 3511 1163 3536 me
1185 3502 1320 3547 amite
1342 3501 1471 3548 *κον-6,·
1493 3502 1828 3550 &amatae-'1⁶
1849 3503 2093 3548 oetssaeeuflcb
2118 3501 2510 3557 &nst-1134,

249 3544 337 3590 [ιιι
362 3547 439 3581 tea
465 3549 561 3583 oon
592 3551 787 3598 1862l631).
2415 3557 2422 3562 “
2510 3558 2514 3561 ⁴

456 3604 487 3648 ⁸)
510 3608 630 3643 tuda
654 3611 910 3655 disponendum
935 3624 988 3650 αι
1022 3616 1214 3653 comosum
1245 3620 1414 3664 Sapphus
1443 3619 1625 3656 tunulum
1655 3630 1702 3664 ⁹³
1735 3618 1812 3656 οῖον
1841 3622 1883 3656 ιο
1915 3620 2143 3667 mmmmm
2177 3605 2373 3667 mutavi
2392 3614 2516 3668 offut-
2588 3623 2599 3642 -·

247 3662 302 3696 ιιι·
324 3663 428 3699 ωσι-ι
451 3666 560 3709 ἀκρον
582 3669 1078 3715 &unomen-qma>
1102 3678 1142 3712 οι
1166 3678 1411 3726 „nooman-e
1430 3677 1573 3726 (ὠμὰν
1593 3678 1939 3723 ‘ahmam'
1962 3678 2513 3729 mmmlfld
2575 3735 2670 3784 a:
