2670 3952
1169 404 1181 407 —
1204 343 1347 407 “xm

162 482 309 527 silium
342 497 398 526 eo
430 483 590 540 magis,
623 483 836 539 quoniam
869 485 1092 539 prooemii
1123 499 1168 528 v.
1205 500 1220 526 ι
1228 500 1300 541 3—
1319 499 1374 541 24
1402 485 1474 529 hic
1493 483 1594 528 sola
1615 483 1729 528 caeli
1751 484 2007 540 cognitione
2028 494 2172 526 totam
2193 483 2423 526 scientiam

161 565 404 610 caelestem
436 567 651 609 contineri
682 577 865 609 strenue
895 578 1125 611 vetuerat:
1346 565 1351 570 ’

1155 652 1276 694 iuvat
1304 652 1367 695 ire
1391 666 1470 707 per
1499 652 1638 707 ipsum

586 747 688 777 aera
718 736 756 776 et
784 733 988 777 immenso
1017 735 1271 788 spatiantem
1302 735 1435 778 vivere
1463 735 1575 779 caelo

585 819 795 873 signaque
823 819 863 860 et
893 818 1086 860 adversos
1115 818 1331 861 stellarum
1362 832 1526 862 noscere
1555 831 1715 861 morsus.

586 901 698 954 quod
727 900 862 943 solum
894 901 1056 943 novisse
1081 914 1241 954 parum
1271 904 1339 943 est.
1402 901 1633 956 impensius
1665 900 1756 955 ipsa

585 983 690 1026 scire
722 983 842 1026 iuvat
870 986 1018 1038 maqm’
1043 984 1218 1037 penitus
1244 983 1492 1038 praecordia
1523 984 1691 1038 mundi,

588 1079 782 1120 quaeque
812 1069 931 1121 νομαί
956 1069 1202 1122 ρεπενείφιθ
1230 1068 1319 1109 suis
1349 1067 1564 1110 animalia
1592 1066 1741 1122 m‘ynis,

585 1162 752 1192 cernere
782 1152 820 1190 et
849 1149 899 1192 in
931 1163 1159 1192 numerum
1191 1149 1360 1192 Phoebo
1391 1150 1636 1192 modulante
1666 1148 1836 1203 referre.

589 1231 693 1274 bina
723 1231 833 1274 mihi
858 1232 1007 1286 positis
1038 1232 1179 1274 lucent
1208 1232 1366 1274 altaria
1394 1233 1598 1286 flamm&

590 1315 648 1356 ad
678 1315 761 1357 duo
792 1314 943 1369 templa
975 1329 1095 1357 vocor
1125 1315 1284 1369 duplic-i
1314 1316 1598 1358 circumdatus
1627 1317 1757 1366 aestu,

589 1398 795 1441 carminis
825 1401 863 1440 et
891 1412 1048 1454 rerum.

161 1491 271 1533 lecit
312 1491 519 1534 Manilius
563 1493 606 1533 in
649 1492 844 1534 Aratum
875 1492 974 1534 sine
1017 1492 1159 1534 dubio
1191 1492 1301 1534 illud
1334 1493 1608 1548 vituperium
1647 1493 1760 1547 quod
1799 1492 1936 1535 solum
1966 1491 2128 1534 novisse
2156 1503 2314 1544 parum
2353 1492 2424 1542 est,

163 1573 446 1631 astrologiae
477 1589 660 1617 osorem
692 1575 795 1630 (etsi
826 1576 867 1616 in
901 1576 1030 1617 brevi
1071 1575 1184 1617 caeli
1230 1577 1535 1631 descriptione
1575 1575 1695 1617 libro
1726 1577 1744 1617 I
1786 1576 1953 1617 inserta
1995 1573 2143 1617 Arato
2186 1586 2288 1614 sese
2331 1573 2426 1614 fere

162 1657 342 1700 addixit
373 1659 566 1700 auctori:
600 1659 655 1702 cf.
689 1659 897 1701 editionis
929 1669 1111 1701 nostrae
1143 1659 1399 1714 adnotata),
1432 1669 1476 1701 et
1509 1674 1570 1700 ex
1602 1659 1814 1700 universo
1858 1657 2064 1699 carminis
2103 1656 2310 1698 instituto
2349 1654 2426 1697 vel

162 1741 448 1796 prooemium
493 1742 705 1783 formavit
752 1756 806 1783 ac
846 1742 1085 1796 disposuit.
1158 1742 1351 1783 Primum
1403 1743 1518 1784 enim
1564 1742 1706 1784 Musis
1749 1740 1995 1783 Heliconiis
2040 1750 2267 1782 sacratum
2309 1738 2426 1780 dixit

160 1837 345 1881 carmen
382 1838 515 1866 suum
559 1825 760 1866 novitate
803 1825 989 1880 insigne.
1068 1825 1244 1866 Deinde
1291 1825 1551 1880 Augustum
1595 1824 1846 1874 invocavit,
1891 1823 2089 1864 futurum
2139 1822 2294 1872 deum,
2343 1821 2426 1864 nisi

159 1907 333 1962 paratis
376 1921 460 1962 per
501 1907 627 1949 illum
671 1918 714 1949 et
746 1922 862 1962 pace
894 1918 939 1950 et
970 1908 1128 1950 ordine
1150 1908 1290 1950 otium
1312 1922 1362 1949 se
1384 1917 1523 1962 atque
1544 1907 1738 1949 animum
1760 1907 1995 1949 defectura
2016 1906 2155 1950 fuisse
2176 1905 2426 1960 professus.

161 1981 372 2046 Denique
403 1993 462 2033 ad
493 1993 779 2043 Mercurium,
821 1991 1103 2047 astrologiae
1146 1992 1426 2032 inventorem
1470 2001 1514 2032 et
1558 1989 1831 2044 praesidem,
1876 2003 1979 2031 sese
2021 1988 2254 2039 convertit,
2299 1987 2427 2030 euius

166 2087 260 2129 ope
293 2075 507 2117 effectum
531 2085 665 2126 esset,
683 2085 732 2117 ut
751 2085 961 2117 aeternae
982 2074 1113 2130 leges
1134 2084 1376 2128 sortesque
1393 2088 1418 2114 e
1449 2068 1593 2115 stellis
1626 2082 2024 2129 cognoscerentur.
2086 2072 2245 2126 Itaque
2275 2069 2428 2112 locum

159 2171 294 2200 suum
326 2159 554 2200 Mercurio
585 2159 791 2213 Iuppiter
824 2158 1044 2200 concessit
1067 2157 1281 2212 Arateus‚
1315 2167 1363 2198 ut
1394 2157 1523 2197 iuxta
1555 2156 1819 2211 Augustum
1850 2154 1927 2196 ille
1956 2154 2186 2196 locaretur
2216 2166 2303 2195 non
2334 2153 2430 2194 sine

157 2241 397 2282 manifesto
429 2241 631 2296 quodam
663 2240 870 2283 consilio:
901 2241 986 2283 sive
1016 2243 1176 2282 mutata
1203 2241 1389 2282 iuvenem
1416 2238 1555 2294 fiqura
1578 2238 1664 2280 ales
1685 2238 1734 2281 in
1756 2237 1880 2280 terris
1900 2237 2100 2291 imitaris,
2131 2235 2269 2277 almae
2287 2234 2426 2288 filium

158 2322 305 2366 Maiae
342 2323 558 2365 Horatius
596 2323 736 2366 Carm.
775 2324 798 2364 Ι
814 2337 852 2374 2,
886 2336 936 2377 41
960 2337 1075 2377 sqq„
1110 2323 1301 2365 ministri
1334 2321 1540 2364 Mercurii
1574 2321 1719 2363 Maiae
1740 2319 1855 2361 tituli
1877 2319 2125 2374 loquuntur
2146 2301 2425 2372 Pompeiani,

159 2405 318 2447 Musae
350 2406 591 2461 Augustus
622 2407 871 2448 Mercurius
904 2404 1127 2447 Maniliani
1160 2405 1363 2446 carminis
1397 2404 1526 2458 quasi
1558 2403 1747 2457 propria
1778 2403 1887 2444 trias
1920 2411 1988 2443 est
2011 2411 2055 2442 et
2074 2399 2280 2442 tutelaris
2302 2400 2427 2442 ideo-

161 2502 252 2543 que
283 2498 382 2530 tota
412 2489 454 2530 in
486 2490 724 2543 prooemio
756 2489 961 2531 carminis
994 2489 1233 2543 producta.
1296 2486 1454 2529 Solent
1486 2486 1548 2527 ita
1579 2485 1762 2540 antiqui.
1826 2485 1892 2526 Ita
1923 2483 2146 2539 genuinae
2177 2481 2425 2538 ‘Theogni-

162 2568 366 2612 deorum'
396 2570 612 2626 syllogae
645 2572 841 2613 exordio
871 2572 972 2626 ipse
1003 2581 1143 2625 poeta
1175 2569 1454 2624 Megarensis
1485 2567 1749 2622 Apollinem
1783 2567 1970 2608 Dianam
2009 2566 2163 2607 Musas
2199 2564 2425 2614 adoravit,

159 2653 264 2696 illos
294 2665 344 2697 ut
375 2655 490 2697 deos
521 2655 857 2711 Megarensium
889 2654 1077 2709 patrios,
1111 2642 1264 2694 Musas
1298 2663 1343 2693 ut
1376 2662 1516 2705 poeta
1548 2650 1741 2706 (summa
1782 2663 1882 2690 cum
1929 2648 2175 2690 concordia
2212 2647 2326 2688 haec
2366 2646 2426 2687 in-

162 2738 459 2794 digitamenta
479 2738 618 2780 hodie
639 2738 794 2792 spuria
815 2734 1114 2789 iudicanturl)
1134 2770 1142 2777 .
1164 2735 1258 2778 Sed
1281 2735 1338 2776 de
1362 2733 1634 2788 Theognide
1666 2732 1859 2786 posthac
1891 2731 2052 2773 dicturi
2083 2744 2250 2772 sumus.
2314 2730 2426 2771 Ger-

162 2820 362 2863 manicus
393 2835 421 2862 a
452 2820 636 2862 Manilio
666 2820 799 2862 rediit
831 2821 890 2861 ad
924 2820 1117 2861 Aratum
1151 2834 1193 2861 v.
1217 2834 1230 2859 1
1268 2832 1351 2871 sq.,
1386 2816 1466 2858 nisi
1499 2816 1625 2870 quod
1657 2829 1744 2869 pro
1772 2816 1882 2856 love
1904 2813 2050 2863 Arati,
2073 2823 2289 2867 tanquam
2312 2813 2426 2854 deus

164 2904 237 2946 hic
266 2903 408 2946 vellet
439 2904 540 2958 ipse
571 2917 625 2944 ac
654 2903 830 2944 iuberet
863 2903 982 2943 adeo
1013 2901 1138 2951 illud,
1173 2900 1326 2942 divum
1360 2899 1623 2954 Augustum
1654 2897 1904 2939 substituit:

664 2997 715 3039 ab
748 2996 847 3038 Iove
870 2994 1142 3050 principium
1177 3007 1330 3048 maqno
1361 2993 1535 3034 deduscit
1564 2991 1727 3034 Aratus

662 3075 920 3129 curminisff)
951 3080 995 3119 at
1026 3077 1158 3129 nobis,
1192 3076 1379 3126 Genitor,
1415 3073 1483 3116 Tu
1515 3074 1727 3115 maximus
1758 3075 1915 3115 amtor.

669 3161 727 3203 Te
758 3175 944 3210 veneror,
980 3159 1078 3201 Tibi
1107 3171 1226 3200 sacra
1257 3158 1347 3210 fero
1380 3157 1564 3209 doctique
1595 3155 1751 3197 laboris

659 3243 880 3297 primitias
911 3273 922 3283 .
950 3241 1104 3296 probat
1135 3241 1219 3294 ipse
1250 3239 1371 3281 cleu-m
1403 3240 1612 3291 rectorque
1641 3239 1851 3290 satorque.

386 3432 414 3476 ¹)
439 3434 565 3466 Incerti
604 3433 649 3464 de
686 3433 788 3465 caelo
827 3438 958 3474 poetae
983 3431 1041 3473 (an
1066 3430 1205 3462 Atacini
1230 3425 1435 3466 varronis?)
1462 3425 1646 3457 exordium
1683 3425 1764 3456 item
1802 3434 1823 3455 a
1861 3424 1948 3455 Iove
1981 3424 2125 3465 petitum
2157 3429 2271 3455 exstat
2297 3434 2331 3465 p.
2359 3432 2426 3464 357

170 3493 313 3526 Baehm
344 3492 515 3537 Juppiter
544 3492 769 3537 omnipotens,
798 3491 885 3527 caeli
909 3490 970 3535 qui
992 3489 1108 3525 sidera
1135 3491 1278 3532 torqtoes,
1303 3495 1360 3518 ore
1393 3483 1464 3518 Tuo
1488 3482 1632 3518 dicenda
1656 3483 1788 3527 loquar.
1837 3482 2007 3514 Varronis
2042 3481 2083 3514 fr.
2115 3491 2154 3514 12
2181 3492 2216 3524 p.
2244 3491 2312 3522 334
2338 3481 2431 3516 vidit

169 3554 207 3587 et
226 3551 379 3587 aemerio
401 3551 576 3586 mundum
602 3551 792 3596 torquerier
822 3561 888 3584 ame
919 3555 984 3581 etc.
1022 3548 1149 3590 (Hiller
1181 3544 1425 3581 Eratostheni-8
1453 3543 1654 3578 caminum
1689 3543 1746 3577 rel.
1779 3553 1813 3584 p.
1842 3542 1899 3583 76)
1945 3551 2134 3583 perperam
2171 3542 2316 3573 carmini
2340 3550 2426 3581 geo-

171 3611 358 3654 graphico,
384 3611 482 3643 cuius
506 3610 638 3643 titulum
663 3609 996 3650 ‘Chorographiam'
1020 3613 1127 3639 testes
1154 3605 1276 3643 serunt,
1301 3603 1528 3635 attribuerunt
1555 3602 1723 3635 editores.
