2670 3952
950 544 1033 588 n...
1066 542 1228 587 mvn..
1261 527 1556 596 sciturrs,
1591 546 1628 587 ιι.
1661 556 1685 587 ι·
1718 547 1760 587 0.

438 643 474 699 I)
504 642 689 687 Publice
721 640 1152 684 exercitationes
1185 637 1606 697 philosophicas
1644 640 1960 686 moderabitur
2001 642 2077 685 die
2117 642 2256 686 Merc.
2299 641 2401 686 hor.
2432 623 2492 687 V.

228 729 282 783 ll)
325 727 536 772 Privatim
579 725 842 771 theoriam
887 722 1251 781 cognoscendi
1294 733 1345 767 et
1389 722 1626 781 logicam
1669 724 1858 769 docebit
1903 725 2024 769 dieb.
2067 723 2181 770 Lun.
2220 724 2356 771 Mart.
2393 724 2492 773 Iov.

228 812 338 856 Ven.
371 812 470 855 hor.
502 810 559 854 V.

998 915 1083 958 Dte.
1118 915 1172 958 Η.
1207 913 1486 969 ULMANN,
1521 930 1557 959 ν.
1592 930 1627 959 ι’.
1662 931 1704 959 0.

437 1026 471 1077 Ι)
503 1024 685 1068 Publice
716 1023 1139 1067 exercitationes
1170 1022 1393 1067 seminarii
1424 1023 1626 1067 historici
1658 1024 1858 1068 instituet
1899 1025 1974 1068 die
2006 1025 2143 1068 Merc.
2177 1024 2276 1068 hor.
2309 1024 2413 1070 VIII
2444 1035 2491 1069 et

228 1109 305 1153 tx.
338 1133 393 1141 —
427 1109 482 1164 11)
528 1107 738 1151 Privatim
786 1121 956 1149 rerum
1006 1106 1127 1149 inde
1173 1106 1238 1149 ab
1287 1120 1328 1150 a.
1362 1106 1672 1151 MDCCCXV
1719 1118 2002 1166 gestarum
2040 1108 2203 1151 seriem
2237 1106 2493 1165 explicabit

225 1194 344 1236 dieb.
378 1192 486 1235 Lun.
520 1191 648 1234 Mart.
682 1190 775 1234 lov.
809 1190 920 1234 Ven.
954 1190 1055 1234 hor.
1083 1190 1183 1234 XII.

973 1356 1056 1398 na.
1090 1354 1252 1399 suu..
1286 1340 1525 1411 τΗοΜὲ,
1559 1372 1596 1401 ι».
1631 1373 1667 1401 p.
1702 1373 1744 1403 0.

436 1466 467 1518 Ι)
499 1464 684 1508 Publice
704 1463 970 1508 seminarii
1003 1463 1370 1509 mathematici
1403 1466 1758 1510 exercitationes
1780 1467 2096 1511 moderabitur
2127 1468 2204 1512 die
2224 1468 2366 1512 Merc.
2388 1467 2490 1512 hor.

225 1549 271 1593 X
304 1561 345 1592 et
379 1549 456 1592 XI.
481 1574 535 1580 —
558 1548 770 1592 Privatim
802 1547 840 1604 t)
861 1547 1148 1591 Theoriam
1182 1547 1513 1591 functionum
1545 1547 1965 1604 analysscarum,
1999 1549 2296 1606 praecipue
2327 1547 2492 1608 ellip-

226 1634 469 1683 ticarum,
501 1631 684 1675 docebit
718 1631 839 1674 dieb.
874 1630 985 1674 Lun.
1018 1642 1061 1674 et
1095 1632 1188 1674 Iov.
1222 1631 1320 1684 hor,
1352 1630 1401 1675 X
1433 1643 1476 1675 et
1510 1631 1592 1675 XI.
1663 1631 1709 1689 2)
1740 1632 2033 1676 Theoriam
2074 1643 2124 1676 et
2156 1631 2492 1689 applicatio·

228 1730 318 1759 nes
349 1715 675 1758 functionum
709 1714 1089 1770 potentialium
1122 1725 1325 1771 exponet
1357 1715 1479 1760 dieb.
1512 1715 1645 1759 Mart.
1679 1726 1724 1759 et
1757 1715 1871 1759 Ven.
1904 1715 2003 1759 hor.
2036 1715 2085 1758 X
2118 1727 2163 1759 et
2194 1716 2276 1759 XI.

930 1881 1014 1924 Da.
1049 1881 1104 1924 Η.
1138 1882 1558 1934 SCHWANERT,
1593 1898 1628 1926 Ρ.
1662 1897 1700 1926 1³.
1734 1898 1776 1926 o.

435 1989 467 2041 l)
500 1987 683 2031 Publice
719 1988 757 2039 t)
789 1987 982 2044 Capita
1014 1988 1218 2032 selecta
1250 1989 1489 2033 chemIae
1519 1990 1803 2034 technicae
1826 1991 2041 2034 tractabit
2063 1991 2139 2035 die
2159 1990 2256 2035 Sat.
2280 1991 2379 2035 hor.
2402 1989 2491 2043 XI;

228 2074 272 2129 2)
288 2071 575 2127 Colloquia
595 2072 662 2115 de
683 2072 846 2115 rebus
865 2072 1118 2116 chemicis
1140 2073 1594 2129 pharmaceuticis
1616 2074 1804 2118 habebit
1822 2075 1986 2118 diebus
2003 2075 2098 2118 Iov.
2116 2085 2161 2118 et
2177 2074 2293 2119 Ven.
2310 2074 2411 2118 hor.
2428 2074 2494 2119 1v

225 2168 267 2199 et
302 2156 356 2199 V.
403 2180 459 2188 —
506 2156 557 2206 ll)
589 2155 802 2198 Privatim
850 2155 891 2211 ι)
922 2156 1264 2199 Pharmaeiae
1304 2169 1511 2214 partem
1552 2159 1787 2214 priorem
1820 2169 2024 2215 exponet
2056 2159 2179 2203 dieb.
2211 2158 2324 2202 Lun.
2355 2157 2491 2203 Mart.

226 2240 362 2282 Merc.
394 2239 487 2281 Iov.
519 2239 615 2281 hor.
647 2238 721 2289 1113
770 2239 814 2293 2)
845 2238 1112 2282 Chemiam
1156 2240 1484 2297 analyticam
1525 2242 1712 2285 docebit
1753 2242 1876 2286 dieb.
1909 2243 2023 2286 Ven.
2065 2253 2109 2286 et
2142 2242 2239 2286 Sat.
2282 2242 2383 2286 hor.
2414 2242 2490 2294 1113

228 2322 272 2377 3)
305 2322 739 2365 Exercitationes
775 2322 1041 2365 chemicas
1085 2338 1170 2366 una
1211 2338 1314 2367 cum
1346 2325 1613 2381 professore
1645 2325 1889 2369 Ltut’atcttr
1920 2326 2120 2370 instituet
2151 2325 2271 2369 senis
2301 2336 2349 2369 et
2377 2326 2493 2370 duo·

226 2406 352 2447 denis
389 2417 431 2447 et
470 2405 648 2448 tricenis
685 2419 731 2461 p.
763 2405 806 2448 h.
840 2406 937 2448 hor.
970 2407 1078 2457 def.;
1125 2407 1168 2462 4)
1200 2407 1642 2453 Exercitationes
1683 2410 1957 2453 chemicas
2001 2410 2329 2454 medicorum
2371 2409 2490 2454 usui

226 2489 563 2544 adaptandas
595 2503 680 2532 una
711 2503 813 2532 cum
846 2490 1109 2545 professore
1142 2491 1384 2535 Lnn’tucm·
1414 2492 1615 2536 instituet
1647 2493 1767 2536 senis
1798 2508 1844 2550 p.
1877 2494 1920 2537 h.
1954 2493 2053 2537 hor.
2086 2494 2177 2538 des.

895 2657 980 2700 Da.
1015 2658 1074 2701 A.
1107 2658 1590 2712 GERSTAECKER,
1624 2674 1661 2703 r.
1694 2674 1731 2703 r.
1765 2674 1806 2703 0.

436 2761 468 2814 1)
520 2761 705 2806 Publice
749 2763 952 2807 selecta
1005 2766 1413 2824 entomologiae
1457 2767 1611 2824 capita
1657 2768 1870 2811 tractabit
1919 2769 1963 2812 d.
1997 2768 2112 2812 Ven.
2162 2769 2260 2812 hor.
2303 2768 2385 2812 XI.
2433 2791 2490 2811 .-

228 2844 279 2895 II)
311 2844 520 2888 Privatim
542 2846 842 2890 animalium
876 2849 1308 2906 morphologiam
1340 2850 1645 2908 generalem
1678 2862 1729 2895 et
1762 2863 2126 2908 comparatam
2153 2854 2304 2896 tradet
2324 2863 2491 2909 quater

227 2941 308 2982 per
338 2928 473 2970 hebd.
505 2928 601 2971 hor.
635 2929 712 2972 XI.

873 3074 955 3119 Da.
990 3077 1076 3120 At..
1112 3076 1615 3132 REIFFERSCI-IEII).
1649 3093 1685 3124 r.
1719 3095 1756 3124 ι’.
1790 3094 1832 3124 0.

437 3177 472 3234 I)
518 3178 701 3224 Publice
768 3182 805 3234 t)
852 3183 903 3226 ln
955 3187 1348 3239 proseminario
1397 3187 1706 3244 germanico
1759 3188 2048 3247 Evangelii
2098 3202 2204 3234 sec.
2254 3189 2490 3237 Mareu-tn

227 3258 607 3304 translationes
654 3275 701 3306 et
745 3265 1069 3311 Vulsilanam
1116 3280 1165 3312 et
1214 3270 1570 3315 Lutheranam
1616 3273 1829 3316 tractabit
1875 3274 2019 3318 semel
2062 3285 2108 3331 p.
2150 3274 2195 3318 h.
2235 3274 2311 3318 die
2350 3273 2489 3321 Mete.

228 3342 270 3384 h.
302 3342 343 3385 V
374 3353 416 3385 et
451 3343 532 3394 vt:
580 3346 625 3400 2)
657 3347 700 3389 1η
742 3350 1027 3393 seminario
1070 3354 1384 3409 germanico
1427 3353 1878 3413 Nibelungiadem
1920 3368 2150 3414 proponet
2191 3368 2237 3401 et
2281 3357 2490 3402 exerci-

229 3426 460 3469 tationes
489 3428 554 3471 de
584 3444 639 3471 re
671 3433 890 3475 metrica
922 3434 1304 3482 Germanorum
1335 3437 1564 3482 moderari
1596 3451 1762 3497 perget
1794 3440 1936 3485 semel
1969 3456 2015 3498 p.
2046 3442 2091 3485 h.
2123 3442 2199 3485 die
2231 3441 2345 3486 Ven.
2376 3441 2422 3486 h.
2444 3441 2489 3487 V

228 3518 272 3549 et
305 3507 379 3550 vt.
426 3533 479 3541 —
527 3511 581 3565 Il)
612 3512 823 3557 Privatim
864 3516 904 3572 ι)
934 3518 1139 3562 Otsridi
1171 3522 1400 3566 carmina
1430 3522 1639 3567 selecta
1668 3524 2042 3581 interpretabitur
2071 3536 2143 3570 ter
2174 3537 2260 3583 per
2288 3526 2333 3570 h.
2364 3526 2488 3570 dieb.

231 3588 343 3633 Lun.
374 3592 417 3634 h.
449 3591 513 3636 XI
545 3606 588 3637 et
621 3596 704 3639 ΧΙΙ
736 3610 778 3640 et
813 3600 906 3643 lov.
937 3602 979 3643 h.
1003 3601 1090 3653 XI;
1125 3604 1166 3654 2)
1200 3606 1276 3648 De
1305 3605 1561 3650 Schilleri
1592 3608 1852 3653 dramatis
1882 3610 2076 3654 disseret
2108 3610 2180 3655 bis
2211 3623 2256 3667 p.
2289 3610 2334 3654 h.
2364 3610 2488 3656 dieb.

230 3671 359 3715 Mart.
390 3686 432 3716 et
468 3675 578 3719 Ven.
610 3678 653 3720 h.
685 3679 763 3723 XI.
