2670 3952
1314 396 1361 442 X

1263 457 1368 465 ...0—

422 546 680 589 Succedunt
715 544 923 588 versibus
960 555 1142 598 1—725,
1176 526 1350 596 quibus
1373 539 1572 584 fixorum
1611 539 1810 583 siderum
1844 538 2109 583 terminatur
2140 537 2402 598 descriptio.
2433 537 2478 586 in

212 631 335 673 libris
384 628 637 672 Germanici
687 625 1000 681 manuscriptis
1055 623 1281 679 quaedam
1329 622 1514 679 poetica
1566 622 1857 667 astronomici
1905 621 2159 679 argumenti
2221 614 2478 680 fragmenta

212 713 271 755 ab
306 712 482 760 eodem,
521 711 557 754 si
596 711 802 754 codicum
843 710 876 753 Α
924 708 966 752 I’
994 705 1405 762 subscriptionibus
1442 705 1507 763 (p.
1541 719 1598 763 54
1630 704 1846 763 Breysig)
1879 706 2006 757 fides,
2040 707 2248 749 conlecta
2280 704 2479 751 Claudio

212 794 411 837 Caesare
443 793 726 836 Germanico.
790 792 1061 848 Fragmenta
1095 789 1169 832 illa
1208 802 1294 831 non
1326 787 1367 831 in
1400 789 1610 832 omnibus
1642 789 1828 845 quidem
1861 788 2096 832 codicibus
2130 812 2183 820 -
2218 787 2479 836 Baehrenaii

213 878 296 920 hac
329 877 369 919 in
402 891 450 918 re
481 887 634 919 notata
670 889 749 917 nec
783 885 907 916 certa
938 873 1048 916 satis
1081 886 1161 914 nec
1193 870 1428 915 credibilia
1459 886 1561 915 esse
1594 872 1776 928 experti
1807 886 1964 915 sumus
1996 872 2245 916 identidem
2266 896 2325 904 —
2355 881 2404 917 at
2434 871 2480 917 in

213 960 483 1015 quibusdam
516 973 541 1000 a
575 957 862 1014 praecedenti
898 970 1032 998 versu
1058 968 1156 1012 725,
1191 955 1230 996 in
1264 968 1400 1010 quem
1433 969 1543 1011 pars
1566 955 1852 998 Germanicei
1876 955 2102 1011 poematis
2134 956 2285 999 finitur
2317 955 2479 1013 prima,

213 1043 436 1098 dirempta
469 1042 675 1097 longiore
707 1052 805 1083 sunt
830 1038 1080 1082 interstitio.
1137 1037 1271 1080 Velut
1296 1037 1355 1080 de
1374 1037 1494 1081 libro
1525 1038 1736 1082 Leidensi
1768 1038 1839 1081 De
1862 1038 2008 1091 Vries,
2043 1038 2112 1082 vir
2145 1038 2478 1095 perofficiosue,

217 1125 448 1167 nobiscum
494 1136 706 1180 prompta
752 1123 989 1165 voluntate
1035 1122 1148 1164 baec
1192 1121 1559 1164 communicavit:
1634 1120 1702 1164 Im
1735 1121 1873 1165 Codex
1911 1122 2141 1167 Vossianus
2185 1122 2223 1177 Q
2257 1121 2314 1167 79
2341 1122 2482 1168 endan

225 1208 315 1249 liv-⁸
363 1208 447 1250 725
491 1208 559 1250 des
602 1208 883 1250 Germanicus
925 1207 1013 1259 aus
1051 1205 1126 1260 fol.
1172 1204 1247 1246 92Γ
1285 1204 1333 1248 Ζ.
1368 1205 1436 1248 12.
1499 1204 1561 1248 Es
1599 1204 1757 1249 bleiben
1794 1204 1881 1260 auf
1905 1205 2054 1250 diesem
2086 1205 2229 1250 Blatte
2259 1211 2274 1232 ¹
2307 1204 2418 1251 noch
2447 1209 2482 1250 3

210 1291 314 1344 [wie
350 1290 503 1333 Zeilwt.
575 1289 668 1333 Pol.
708 1291 795 1332 92⁸·
820 1290 974 1331 —93‘
1007 1289 1109 1332 siml
1141 1302 1255 1344 qaue
1295 1287 1389 1331 leer.
1450 1287 1549 1332 Fol.
1581 1288 1669 1331 93*
1703 1287 1868 1333 enthdlt
1905 1289 1973 1333 die
2002 1288 2346 1344 Himmelekarie,
2386 1289 2482 1335 “md
2522 1317 2530 1324 ·

213 1376 292 1414 emt
323 1373 408 1426 nus
433 1372 528 1415 1³01.
560 1373 619 1415 94
637 1378 649 1397 ¹
685 1372 732 1415 Z.
757 1373 780 1415 1
808 1373 937 1429 [ἄνιθι
967 1386 1028 1415 un
1056 1372 1274 1429 yrandine
1298 1372 1539 1427 permixtus
1569 1372 1695 1416 Aries
1726 1386 1768 1416 u.
1785 1387 1819 1416 ε.
1843 1386 1893 1416 w.
1913 1371 2013 1427 (Fr.
2038 1371 2156 1417 IIS.
2179 1373 2243 1416 43
2263 1371 2478 1431 Bremia).

215 1454 293 1497 Die
325 1455 496 1511 Anqabe
532 1455 595 1498 bei
628 1455 847 1499 Baehrens
878 1452 1026 1499 ‘PLM
1038 1453 1049 1467 ’
1080 1455 1113 1498 Ι
1147 1455 1240 1498 187
1265 1468 1322 1497 zu
1354 1454 1397 1500 V.
1434 1454 1523 1497 725
1564 1455 1684 1509 „sine
1725 1455 1980 1499 interstitio“
2023 1456 2078 1500 ist
2114 1455 2207 1500 aleo
2245 1455 2479 1515 unrichlt'y.

213 1537 494 1580 Manifestum
537 1538 673 1594 igitur
717 1539 920 1590 dicimus,
966 1539 1065 1594 ipsa
1108 1538 1317 1580 codicum
1360 1539 1649 1594 quorundam
1692 1539 1958 1582 condicione
2003 1550 2195 1583 externa
2236 1550 2281 1583 et
2318 1539 2480 1584 ordine

214 1634 425 1663 versuum
480 1634 643 1677 1—725
693 1622 1028 1664 cohaerentiam
1072 1636 1099 1664 a
1145 1622 1505 1678 fragmentorum
1550 1622 1668 1664 serie
1710 1622 1901 1679 seiungi.
1977 1622 2120 1666 Porro
2159 1622 2339 1667 titulum
2382 1622 2483 1667 istis

215 1702 413 1745 frustulis
452 1718 670 1759 nusquam
712 1718 793 1747 nec
838 1705 1094 1760 praefixum
1139 1705 1179 1746 in
1221 1703 1348 1748 libris
1391 1718 1474 1747 nec
1513 1705 1844 1761 postscriptum
1887 1706 2102 1759 invenies,
2144 1706 2225 1750 nisi
2266 1707 2395 1764 quod
2437 1707 2481 1751 in

215 1785 482 1829 Basileensis
513 1788 550 1830 Α
584 1798 627 1829 et
660 1786 843 1830 Parisini
878 1787 922 1830 P
946 1788 1071 1830 exitu
1105 1790 1283 1832 scribae
1315 1789 1558 1831 terminato
1591 1788 1849 1846 fragmento
1881 1790 1938 1832 111
1971 1790 2038 1846 (p.
2071 1803 2128 1847 54
2161 1789 2253 1847 Bt.)
2291 1791 2485 1842 adelide:

214 1880 335 1910 runt:
378 1867 568 1912 ‘Clanum‘
608 1870 813 1914 &reem-is.
854 1871 983 1915 Arati
1026 1871 1330 1917 Pluwnomena
1369 1870 1566 1928 mplicitff
1635 1873 1768 1916 Unde
1810 1884 1984 1916 tantum
2028 1874 2228 1927 discitur,
2260 1875 2322 1918 ad
2352 1874 2478 1919 idem

215 1952 340 2005 quod
380 1965 418 1992 v.
448 1966 612 2008 1—725
646 1966 765 2008 opus
797 1954 1051 2011 fragmenta
1083 1956 1118 1997 1·
1148 1955 1379 2012 (va—39)
1412 1967 1458 1999 et
1489 1956 1543 1999 111
1565 1981 1623 1987 —
1645 1971 1747 1999 nam
1779 1957 1831 2000 fr.
1863 1957 1907 1999 1¹³
1939 1968 1985 2000 et
2015 1957 2053 1999 11
2091 1958 2304 2002 omittunt
2341 1983 2398 1991 —
2433 1957 2484 2003 li·

216 2034 391 2076 brarios
424 2034 723 2078 Basileensem
756 2047 800 2079 et
833 2037 1082 2080 Parisinum
1106 2053 1340 2082 revocare.
1374 2039 1482 2092 Quo
1515 2040 1646 2095 quasi
1678 2040 1799 2083 iacto
1831 2041 2126 2084 fundamento
2151 2041 2484 2099 pedetemptim

215 2127 365 2159 cetera
398 2119 757 2172 procurabimus.

428 2225 499 2267 Fr.
534 2226 569 2267 1·
599 2226 661 2281 (v.
703 2242 841 2283 1-39
873 2243 917 2284 p.
949 2242 1000 2283 4¹
1041 2229 1132 2285 ΒΓ.)
1165 2232 1354 2274 eosdem
1392 2231 1711 2287 complectitur
1748 2233 1807 2275 de
1838 2232 1962 2276 Solis
1998 2248 2084 2290 per
2121 2234 2368 2279 Zodiacum
2407 2235 2486 2279 mi·

217 2307 425 2363 gratione
458 2323 631 2361 versus,
664 2310 740 2365 qui
773 2313 1012 2355 continuae
1036 2311 1486 2358 ‘Phaenomenorum’
1517 2316 1661 2371 partis
1692 2316 1868 2372 primae
1898 2328 2001 2361 sunt
2025 2319 2274 2376 531—569.
2322 2319 2487 2376 Neque

219 2403 329 2431 vero
362 2390 656 2435 Baehrensius
687 2404 875 2444 tantum,
909 2395 1045 2438 homo
1076 2409 1308 2451 operosus
1350 2400 1433 2442 sed
1471 2399 1712 2453 violentus,
1754 2402 1838 2444 sed
1877 2401 1953 2445 vel
1990 2402 2219 2461 Breysigii
2250 2404 2486 2448 accuratio

219 2487 262 2528 p.
306 2472 403 2515 XI.
432 2473 576 2517 XXX
621 2475 791 2532 Freyio
835 2490 1083 2533 praeeunte
1125 2480 1258 2533 (Mus.
1290 2482 1414 2527 rhen.
1446 2483 1551 2526 XIII
1598 2498 1643 2540 p.
1687 2486 1775 2539 418
1807 2485 1930 2542 sqq.)
1969 2500 1995 2529 e
2033 2482 2486 2533 ‘Phaenomenorum’

218 2556 519 2612 descriptione
550 2558 660 2601 istos
691 2573 865 2612 versus,
898 2562 982 2604 etsi
1015 2563 1258 2608 cohaerent
1291 2577 1337 2609 et
1367 2567 1482 2610 inter
1512 2582 1565 2611 se
1596 2579 1641 2611 et
1674 2582 1776 2612 eum
1809 2570 1973 2614 ceteris
2005 2571 2221 2627 perbene,
2254 2572 2486 2634 eiecerunt

219 2652 272 2681 ac
312 2640 578 2695 deperditae
618 2642 749 2685 alicui
791 2645 997 2688 carminis
1037 2648 1155 2702 parti
1195 2650 1481 2707 assignarunt
1523 2651 1682 2708 (quam
1723 2664 1768 2696 et
1812 2653 1874 2696 illi
1920 2665 1966 2698 et
1997 2654 2073 2698 alii
2106 2669 2235 2699 mero
2266 2657 2484 2713 opinandi

220 2724 405 2766 arbitrio
448 2725 649 2768 vocitant
693 2725 1049 2787 ‘I'rognostica').
1125 2733 1392 2778 Rectissime
1434 2749 1580 2791 nuper
1622 2737 1805 2780 tandem
1853 2738 2177 2795 Maybaumius
2222 2740 2487 2786 retinendos

220 2820 305 2848 suo
335 2821 435 2850 esse
466 2808 571 2851 loco
602 2809 704 2853 illos
744 2826 904 2856 versus
935 2818 1232 2869 asseveravit,
1271 2833 1374 2862 cum
1405 2820 1677 2875 praesertim
1714 2822 1849 2865 tertia
1886 2818 1980 2866 divi
2019 2823 2225 2881 Augusti
2264 2824 2488 2872 allocutio

222 2904 264 2932 v.
294 2893 376 2946 558
408 2893 699 2942 contincatur,
732 2897 812 2939 sed
845 2899 1071 2942 extricare
1103 2914 1190 2943 non
1223 2902 1378 2956 valuit,
1422 2917 1449 2946 e
1479 2917 1575 2959 quo
1607 2904 1932 2961 explicandum
1964 2918 2085 2950 esset
2117 2906 2323 2960 consili0,
2356 2907 2487 2964 quod

221 2973 437 3030 decerpta
480 2990 564 3019 suo
606 2992 725 3021 nexu
770 2991 812 3022 et
861 2981 973 3025 inter
1017 2984 1236 3041 fragmina
1282 2987 1445 3031 iterum
1489 2987 1731 3044 splendida
1773 2989 1861 3033 ista
1892 2991 2098 3047 reposita
2140 3002 2265 3035 esset
2298 2991 2486 3037 Zodiaci

222 3056 479 3113 descriptio.
541 3061 667 3103 Effici
705 3062 749 3105 id
783 3066 963 3119 poterit,
996 3067 1033 3109 si
1066 3069 1205 3112 modo
1249 3081 1507 3115 ceterorum
1551 3071 1809 3116 Germanici
1841 3073 2139 3118 frustulorum
2171 3074 2396 3133 originem
2433 3086 2481 3121 et

224 3151 424 3183 naturam
457 3147 822 3201 cognoverimus.

437 3252 508 3295 Fr.
543 3254 595 3297 111
628 3256 691 3312 (p.
714 3272 821 3314 44--
832 3274 889 3316 54
913 3260 1004 3318 Br.)
1037 3277 1137 3306 cum
1169 3265 1277 3308 alibi
1309 3277 1405 3309 tum
1435 3265 1479 3308 in
1509 3264 1651 3309 APS
1676 3265 1829 3309 statim
1861 3278 1970 3322 post
2001 3281 2046 3311 v.
2069 3269 2172 3325 582,
2204 3268 2395 3313 resectis
2424 3267 2491 3313 ibi

230 3346 270 3373 v-
304 3335 529 3392 583—725
574 3339 614 3381 in
655 3342 821 3395 quibus
864 3345 923 3387 de
961 3347 1196 3391 coortibus
1238 3360 1282 3392 et
1322 3349 1622 3393 oooccasibus
1653 3350 1819 3407 agitur,
1852 3351 1948 3394 sine
1980 3350 2074 3395 ulla
2100 3350 2492 3411 divisionis{nota

232 3414 302 3455 vel
335 3417 397 3458 ob
430 3418 473 3460 id
506 3420 651 3475 ipsum
684 3424 800 3467 male
831 3426 1065 3481 invenitur,
1104 3433 1230 3485 quod
1268 3433 1329 3475 de
1366 3443 1585 3488 quattuor
1616 3432 1916 3489 planetarum,
1954 3434 2078 3478 Iovis
2108 3435 2267 3479 Martis
2298 3435 2492 3480 Veneria

232 3495 456 3549 Mercurii,
510 3516 591 3557 per
631 3505 873 3551 zodiacum
917 3510 1072 3554 itinere
1116 3525 1159 3555 et
1205 3515 1249 3557 vi
1282 3515 1504 3571 (excepto
1545 3529 1681 3571 quem
1725 3516 1874 3572 primo
1914 3516 2191 3562 loco-'fuisse
2221 3518 2323 3575 ipse
2352 3519 2494 3565 innuit

233 3590 276 3618 v.
314 3592 325 3620 t
365 3579 578 3639 Saturno)
610 3589 925 3644 complectitur
956 3597 1389 3641 commentariolum.
1449 3597 1671 3642 Assolent
1692 3598 1885 3650 Romani
1915 3614 1944 3643 a
1972 3599 2173 3645 Saturno
2204 3601 2494 3658 planetarum

228 3660 429 3705 ordinem
451 3665 674 3722 inceptare
705 3686 850 3728 neque
881 3675 1012 3720 aliter
1031 3679 1303 3725 concludere
1322 3691 1465 3738 atque
1485 3681 1795 3727 Germanicus.
1857 3682 2076 3743 Exempli
2104 3685 2245 3730 instar
2268 3686 2477 3735 Avienu-
