2670 3952
1269 341 1347 383 V11

180 476 472 527 ‘Genitorem’
503 482 804 525 Germanicus
837 496 973 537 quem
1005 482 1190 533 diceret,
1230 483 1432 525 certatim
1463 483 1733 537 interpretes
1770 481 2062 537 indagabant.
2125 482 2236 523 Erat
2268 480 2446 523 Claudii

181 566 334 618 Drusi,
367 566 446 621 qui
476 565 680 622 Augusti
711 565 949 621 privignus
981 565 1075 616 fuit,
1109 565 1226 607 filius
1248 566 1542 607 Germanicus
1571 579 1625 606 ac
1656 575 1821 619 postea
1853 578 1880 605 a
1911 564 2113 614 Tiberio,
2146 574 2314 618 patruo
2345 577 2444 614 suo,

180 649 432 704 adoptatus
465 662 612 704 nepos
643 649 791 690 factus
833 659 903 690 est
939 647 1158 704 Augusti.
1220 648 1334 690 Illud
1372 662 1487 691 vero
1522 661 1680 690 omnes
1717 648 1814 689 iure
1852 662 1913 688 ex
1944 647 2074 704 Jovis
2105 646 2267 688 Aratei
2298 640 2446 701 oppo-

180 731 343 774 sitione
364 732 729 786 desumpserunt,
751 730 898 785 ipsam
931 744 1033 772 esse
1053 731 1338 785 imperatoris
1360 730 1549 772 alicuius
1580 743 1823 785 personam
1855 730 1897 771 in
1919 729 2175 771 Germanici
2206 729 2446 784 prooemio

176 813 545 871 intellegendam.
607 813 874 870 Augustum
905 812 992 864 alii,
1038 812 1112 854 alii
1144 813 1378 854 Tiberium
1421 813 1499 868 (de
1544 813 1679 854 tertio
1727 827 1783 853 ne
1821 812 2014 868 cogitari
2053 812 2237 866 quidem
2271 811 2445 866 potest)

183 906 530 953 praeoptatum.
592 895 688 939 Sed
720 897 798 951 qui
829 895 999 939 vellent
1030 896 1308 952 Augustum,
1347 897 1375 937 ii
1407 897 1582 938 ratione
1612 896 1682 937 usi
1712 906 1816 937 sunt
1847 895 2044 937 diversa.
2107 895 2222 936 Nam
2254 895 2445 944 fuerunt,

185 980 354 1036 quibus
384 989 547 1022 versus
579 980 716 1035 558-
727 981 827 1034 560,
861 980 938 1034 qui
984 980 1043 1020 de
1074 990 1257 1020 mortuo
1303 979 1520 1035 Augusto
1564 990 1667 1020 sunt
1711 989 1756 1020 et
1787 979 1900 1020 inter
1940 979 2052 1020 deos
2090 979 2268 1019 iamiam
2299 977 2446 1019 relato

180 1061 372 1119 (dictum
401 1062 461 1104 de
492 1063 561 1104 his
593 1073 662 1104 est
701 1061 945 1117 superius),
983 1062 1114 1103 libuit
1153 1062 1389 1116 expellere
1427 1062 1617 1117 (tantam
1656 1076 1738 1103 nos
1778 1062 1887 1104 satis
1926 1062 2147 1103 habemus
2186 1061 2446 1103 violentiam
2500 1093 2502 1095 -

180 1147 406 1203 notasse);
437 1147 514 1189 alii
544 1161 634 1189 non
666 1147 862 1188 dixerim
883 1146 1151 1201 prudentius
1173 1156 1371 1187 attamen
1403 1147 1446 1187 in
1477 1160 1527 1186 re
1548 1145 1803 1200 perdifficili
1836 1144 1994 1199 paullo
2016 1144 2192 1186 cautius
2223 1144 2309 1185 sibi
2341 1143 2447 1184 nihil

179 1231 409 1287 agendum
440 1242 543 1272 esse
573 1230 660 1272 rati
691 1245 735 1271 v.
758 1230 993 1285 558—560
1025 1240 1069 1271 et
1091 1230 1378 1283 prooemium
1409 1230 1523 1270 inter
1554 1242 1604 1270 se
1626 1228 1863 1283 quomodo
1886 1227 2229 1269 conciliarentur
2261 1227 2442 1268 omnino

111 1359 119 1366 ,
180 1312 531 1356 dissimularunt.
604 1313 799 1355 Accedit
840 1326 954 1355 vero
996 1312 1203 1354 alterum.
1275 1312 1448 1353 Primus
1492 1311 1607 1352 enim
1649 1311 1791 1367 Hugo
1835 1311 2025 1353 Grotius
2059 1325 2103 1365 p.
2138 1323 2161 1351 2
2196 1307 2446 1351 ‘Notarum’

177 1396 414 1452 improprie
443 1395 586 1451 inquit
616 1410 658 1439 se
687 1394 863 1439 ‘natum'
898 1397 1110 1449 nominat,
1144 1396 1384 1452 Angustum
1416 1392 1679 1450 ‘qenitorem’‚
1711 1409 1806 1437 cum
1837 1397 1935 1437 esset
1966 1394 2035 1437 hic
2066 1407 2186 1447 amos,
2219 1393 2290 1435 ille
2319 1407 2448 1447 nepos

176 1493 254 1535 per
282 1479 564 1534 adoptionem.
624 1479 735 1520 Post
768 1479 980 1521 Grotium
1011 1479 1119 1519 item
1151 1478 1278 1519 multi
1309 1478 1581 1528 iudicabant,
1616 1477 1909 1531 quantumvis
1945 1477 2003 1518 sit
2044 1487 2088 1518 et
2119 1490 2204 1530 per
2235 1490 2286 1517 se
2317 1476 2446 1517 dubi-

181 1561 336 1615 tabile,
368 1577 473 1604 num
504 1562 771 1618 Augustum
801 1576 939 1603 avum
961 1561 1234 1603 Germanico
1267 1575 1436 1602 vocare
1465 1560 1642 1602 licuerit
1663 1558 1881 1614 ‘patrem’,
1913 1573 2061 1614 neque
2091 1559 2265 1600 idoneis
2296 1559 2447 1600 adhuc

182 1645 409 1701 exemplis
445 1642 745 1700 probatum.¹)
817 1644 957 1696 Quod
1000 1655 1317 1699 argumentum
1358 1654 1540 1685 strenue
1571 1643 1822 1684 Grotianae
1863 1643 2087 1696 opinionis
2128 1642 2446 1683 defensoribus

181 1730 258 1783 qui
287 1729 509 1784 opposuit
538 1728 875 1783 Maybaumius,
908 1741 964 1769 eo
996 1728 1034 1769 is
1064 1741 1168 1769 sese
1199 1726 1401 1778 contulit,
1435 1737 1484 1768 ut
1504 1726 1739 1767 Tiberium
1771 1726 1940 1780 potius,
1973 1725 2224 1779 adoptione
2253 1736 2446 1779 patrem,

182 1827 212 1856 a
242 1812 514 1876 German-ico
554 1810 838 1868 ‘genitorem'
866 1811 1070 1853 invocari
1101 1826 1145 1853 v.
1179 1824 1202 1851 2
1246 1811 1444 1852 ediceret
1483 1810 1630 1866 magis
1662 1823 1799 1864 quam
1830 1809 2031 1850 vinceret
2068 1809 2444 1864 argumentando.

183 1896 309 1950 Quid
339 1895 479 1938 enim?
526 1895 585 1937 Et
617 1909 660 1937 v.
684 1896 783 1950 558,
817 1895 894 1949 qui
926 1895 985 1936 de
1018 1895 1235 1950 Augusto
1268 1906 1349 1944 est,
1390 1904 1435 1934 et
1474 1907 1518 1935 v.
1558 1894 1609 1934 16
1640 1893 1864 1948 prooemii
1894 1893 2016 1933 idem
2047 1890 2222 1951 ‘numen
2252 1891 2445 1946 impera-

182 1981 296 2023 toris
326 1977 540 2022 divinum’
571 1979 733 2020 eadem
753 1978 1030 2020 allocutione
1061 1978 1363 2032 praedicatur,
1385 1977 1590 2018 conferas
1623 1977 1762 2017 modo
1787 1990 1907 2030 quae
1938 1976 2182 2029 utrobique
2203 1974 2439 2031 leguntur:

182 2063 282 2107 Ru
314 2063 414 2106 Tua
446 2063 598 2118 Tuque
637 2064 752 2106 adsis
790 2065 894 2105 nato
933 2075 1173 2114 ntmzenqzoe
1211 2061 1405 2103 secundes
1436 2071 1481 2102 et
1520 2060 1598 2113 hic,
1639 2060 1840 2115 Auyuste,
1874 2059 2018 2101 Tecum
2059 2059 2238 2114 yenitalz·
2278 2072 2447 2113 corpore

181 2161 345 2192 numen
376 2181 387 2192 .
420 2181 431 2190 .
463 2149 514 2191 in
543 2147 703 2191 caelum
733 2146 833 2189 tulit
866 2149 904 2188 et
940 2145 1149 2187 maternis
1187 2144 1370 2186 reddidit
1405 2144 1545 2186 astris.
1608 2143 1803 2183 Proinde
1842 2156 1974 2183 unam
2016 2142 2301 2195 eandemque
2334 2142 2444 2183 certi

183 2231 418 2274 cuiusdam
452 2230 741 2285 imperatoris
779 2229 1023 2283 utrobique
1062 2227 1343 2270 divinitatem
1379 2225 1562 2266 indicari
1600 2225 1723 2266 haud
1761 2234 2020 2265 cunctanter
2053 2224 2284 2265 efficimus.
2347 2224 2443 2265 Iam

182 2328 285 2358 cum
315 2315 573 2370 posteriore
603 2314 710 2356 loco
731 2314 987 2369 Augustus,
1020 2322 1226 2353 mortuus
1257 2310 1332 2351 ille
1355 2309 1538 2362 quidem
1569 2321 1624 2349 ac
1655 2308 1781 2357 deus,
1814 2320 1899 2348 suo
1931 2308 2031 2361 ipse
2064 2307 2243 2348 nomine
2273 2301 2443 2362 appel-

182 2398 305 2442 latus
342 2399 415 2451 sit,
455 2409 667 2440 mortuo
709 2397 928 2453 Augusto
970 2410 1024 2437 ac
1064 2396 1165 2444 deo,
1208 2404 1253 2435 et
1294 2407 1380 2434 non
1420 2392 1609 2433 Tiberio
1649 2392 1770 2441 vivo,
1813 2391 2050 2432 dedicasse
2091 2388 2432 2432 ‘phaenomena'

183 2482 248 2539 (v.
276 2481 464 2538 1—725)
486 2481 805 2523 Germanicum
825 2479 1148 2529 concludimus,
1178 2479 1220 2519 ni
1241 2477 1447 2527 fallimur,
1470 2488 1660 2530 prorsus
1682 2474 1952 2516 necessario.
2014 2474 2074 2514 Et
2106 2487 2162 2514 ne
2192 2474 2239 2514 id
2261 2474 2447 2527 quidem

183 2566 536 2621 praetermittas,
569 2565 696 2619 quod
728 2564 941 2605 Tiberius
979 2562 1137 2603 haberi
1172 2558 1331 2602 ‘divus’
1367 2560 1467 2613 ipse
1503 2558 1763 2599 fastidiebat
1795 2556 2064 2611 (Mommsen
2095 2557 2357 2599 Staatsrecht
2388 2554 2447 2597 11³

182 2663 230 2705 p.
263 2662 348 2705 755
379 2662 497 2703 sqq„
530 2647 588 2690 Ο.
620 2646 880 2689 Hirschfeld
925 2644 1299 2701 Sitzunysberc‘chte
1336 2643 1444 2684 1888
1475 2656 1521 2696 p.
1555 2643 1638 2696 837
1671 2641 1812 2695 sqq.):
1848 2655 1951 2682 num
1998 2641 2228 2691 credibile,
2279 2642 2322 2682 in
2364 2640 2445 2682 tali

184 2745 325 2775 causa
352 2731 494 2774 filium
525 2730 713 2773 consilio
743 2730 887 2784 patris
920 2739 964 2770 et
996 2728 1220 2771 voluntati
1252 2728 1597 2768 adversaturum
1636 2725 1775 2766 fuisse
1813 2737 1867 2764 ac
1898 2736 1990 2764 tam
2022 2723 2285 2765 manifesto?
2346 2725 2434 2765 De-

184 2817 387 2859 functum
404 2816 544 2872 igitur
564 2814 831 2870 Augustum
852 2823 897 2855 et
917 2812 1007 2854 iam
1028 2813 1166 2853 deum
1186 2811 1353 2853 factum
1375 2810 1613 2864 prooemio
1638 2809 1948 2860 Germanicus,
1982 2820 2031 2850 ut
2061 2809 2130 2850 fas
2152 2810 2266 2850 deos
2293 2806 2443 2863 erat,²)

398 2970 427 3015 ¹)
454 2971 507 3004 Cf·
534 2970 685 3003 Ovidius
710 2969 811 3004 Fa8t·
836 2969 851 3000 Ῑ
876 2979 911 3000 V·
937 2977 1008 3008 590
1033 2967 1077 2999 de
1103 2967 1332 2999 Germanico:
1364 2965 1460 3000 Τιιιιε
1483 2965 1642 3010 Augusto
1666 2964 1805 2999 nomine
1830 2964 1945 2999 dictus
1968 2975 2068 3001 avus.

396 3030 426 3075 2)
450 3032 533 3064 Mos
557 3041 579 3062 a
604 3030 659 3062 dis
682 3028 931 3072 prooemiandi
956 3035 1026 3060 tam
1051 3028 1172 3059 insitus
1198 3033 1251 3057 est
1269 3026 1416 3057 Graecis
1433 3025 1684 3066 Romanisque,
1711 3032 1756 3065 ut,
1782 3024 1896 3056 sicubi
1921 3024 2110 3056 derelictus
2132 3025 2281 3066 videtur,
2307 3035 2449 3058 causam

185 3104 231 3128 ac
253 3095 426 3128 rationem
450 3093 589 3134 exquiri
614 3097 791 3133 oporteat.
841 3089 945 3121 Velut
970 3087 1209 3129 Empedocles
1236 3087 1269 3117 in
1295 3086 1448 3117 carmine
1472 3086 1623 3127 physico
1649 3085 1695 3116 ad
1721 3085 1809 3116 deos
1834 3085 2041 3126 Musamque
2067 3086 2208 3127 scripsit
2237 3097 2270 3119 v.
2301 3097 2337 3118 11
2367 3098 2448 3129 sqq.

186 3157 421 3200 prooemium,
457 3156 604 3188 alterum
640 3153 735 3186 idem
765 3151 898 3183 fecerat
930 3151 964 3181 in
988 3148 1191 3190 Apollinem
1222 3147 1276 3189 (L.
1303 3147 1347 3177 D.
1377 3145 1455 3181 VIII
1482 3156 1514 3187 2,
1529 3146 1605 3186 57):
1638 3152 1673 3176 at
1699 3146 1731 3176 in
1764 3145 1983 3177 ‘Catharmis'
2007 3147 2100 3188 (nam
2126 3154 2223 3178 certa
2249 3147 2447 3179 traditionis

185 3219 289 3261 fidoe)
326 3227 465 3250 omnem
501 3215 750 3259 prooemiandi
786 3213 1087 3255 opportunitatem
1123 3208 1367 3252 praetermisit.
1431 3207 1600 3239 Consulto
1637 3207 1697 3240 ille
1735 3207 1887 3248 quidem.
1950 3208 2043 3249 Quid
2082 3211 2173 3241 enim
2212 3209 2256 3241 de
2290 3221 2331 3242 se
2369 3211 2450 3252 ipse

185 3280 426 3323 Empedocles
450 3279 485 3310 in
510 3275 749 3310 ‘Catharmis'?
796 3273 929 3316 χαίρετ’
942 3282 950 3290 ·
964 3272 1035 3314 ἐγὼ
1059 3271 1189 3312 δ’ῦμμιν
1214 3269 1298 3308 θεὸς
1325 3268 1502 3308 ἄμβροτος,
1529 3267 1644 3300 οὐκέτι
1671 3268 1807 3309 θνητὸς,
1832 3268 2011 3309 πωλεῦμαι
2036 3270 2124 3310 μετά
2148 3273 2231 3302 πᾶσι
2256 3272 2441 3313 τετιμένος,

186 3341 302 3383 ὥσπερ
325 3341 441 3373 ἔοικεν
474 3339 523 3381 (v.
549 3346 615 3378 355
642 3347 679 3378 p.
706 3336 749 3375 76
774 3334 851 3376 St.)‚
885 3330 933 3372 εἰς
970 3333 1008 3365 δὲ
1044 3331 1145 3370 τέλος
1182 3330 1317 3371 μάντεις
1354 3336 1390 3358 τε
1426 3329 1487 3359 καὶ
1523 3327 1712 3369 ὑμνοπὸλοι
1751 3325 1845 3370 [καὶ]
1884 3329 1994 3378 ἰητροὶ
2031 3330 2093 3360 καὶ,
2118 3329 2179 3370 (=
2204 3330 2275 3371 vel)
2311 3332 2438 3373 πρόμοι

188 3400 416 3433 ἀθανάτοισιν
440 3397 669 3440 ἐπιχθονίοισι
692 3394 992 3428 &own-&852
1018 3392 1267 3433 ἀναβλαστοῦσι
1293 3388 1371 3420 θεοὶ
1396 3390 1523 3430 τιμῆισι
1554 3390 1717 3429 φέριστοι,
1751 3388 1942 3427 ἀθανάτοις
1969 3387 2126 3420 ἄλλοισιν
2152 3390 2317 3431 ὁμέστιοι,
2345 3391 2445 3423 αὐτο-

187 3460 363 3501 τράπεζοι,
393 3458 500 3498 εὖνιες
531 3459 696 3499 ἀνδρείων
727 3457 852 3498 ἀχέων,
881 3455 1064 3497 ἀπὸκηροι,
1092 3454 1254 3493 ἀτειρεῖςε
1293 3449 1351 3482 ubi
1390 3440 1484 3492 [καὶ]
1523 3448 1678 3480 delemus
1712 3447 1759 3479 ob
1792 3449 2017 3489 quantitatem
2051 3450 2162 3491 ἰητροί
2188 3457 2222 3481 et
2260 3450 2450 3492 ὖμνοπὸλοι

188 3527 255 3561 per
279 3519 350 3550 ἀπὸ
373 3519 494 3551 κοινοῦ
518 3517 667 3558 figuram
691 3515 737 3547 ad
761 3517 899 3558 μάντεις
925 3524 1068 3555 quoque
1091 3512 1309 3544 retrahimus.
1360 3509 1485 3550 Neque
1517 3509 1622 3549 igitur
1654 3515 1770 3540 vatem
1796 3518 1817 3539 a
1843 3515 1951 3549 poeta
1978 3507 2157 3549 distinguit
2182 3509 2246 3540 sed
2272 3511 2452 3550 coniungit

189 3576 439 3619 Empedocles.
495 3576 591 3608 Idem
629 3587 663 3609 v.
696 3585 765 3617 359
790 3586 885 3617 sqq.:
923 3575 1084 3617 ἀνδράσιν
1121 3574 1185 3616 ἠδὲ
1214 3570 1342 3615 γυναιξί.
1375 3568 1548 3610 σεβίζομαι
1565 3577 1573 3585 ·
1592 3568 1626 3600 οἳ
1656 3567 1687 3600 δ’
1719 3567 1776 3609 ἅμ’
1808 3568 1948 3600 ἕπονται
1979 3569 2101 3609 μυρίοι,
2133 3568 2326 3610 ἐξερέοντες
2360 3569 2442 3611 bri-q·-

188 3636 275 3679 πρὸς
308 3636 434 3678 κέρδος
468 3637 633 3679 ἀταρπός,
670 3635 705 3669 οἳ
739 3636 800 3678 μὲν
836 3635 1071 3678 μαντοσυνέων
1095 3634 1313 3676 κεχρημένοι,
1339 3631 1373 3663 οἳ
1403 3631 1434 3663 δ’
1463 3631 1518 3663 ἐπὶ
1542 3629 1683 3669 νοὺσων,
1716 3629 1821 3672 δηρὸν
1846 3629 1889 3671 δὴ
1913 3629 2098 3671 χαλεποῖσι
2121 3630 2332 3671 πεπαρμένοι
2356 3628 2441 3671 ἀμφ’
