2670 3952
1236 349 1329 392 XV

647 490 681 534 ὦ
713 493 804 542 ἄνα,
836 491 997 546 Λητοῦς
1027 491 1101 541 υἱέ,
1135 491 1228 542 Διὸς
1259 492 1392 546 τέκος,
1423 490 1575 534 οὔποτε
1605 497 1691 532 σεῖο

787 572 965 630 λήσομαι
996 575 1222 630 ἀρχόμενος
1253 573 1337 617 οὐδ’
1369 573 1695 628 ἀποπαυόμενος,

649 654 744 699 ἀλλ’
775 658 851 699 αἰεὶ
882 657 1046 713 πρῶτόν
1077 672 1122 699 τε
1153 659 1222 699 καί
1255 658 1430 700 ὕστατον
1459 658 1503 699 ἔν
1534 669 1577 698 τε
1609 655 1791 711 μέσοισιν

792 740 915 781 ἀείδω
949 771 958 780 .
991 741 1042 781 σὺ
1074 739 1119 782 δέ
1151 754 1217 795 μοι
1248 740 1376 782 κλῦθι
1406 740 1478 781 καί
1508 739 1646 780 ἐσθλὰ
1677 738 1801 779 δίδου.

931 833 1037 874 Φοῖβε
1062 834 1158 874 ἅναξ,
1185 833 1244 865 ὅτε
1269 834 1328 875 μὲν
1354 843 1393 866 σε
1416 833 1487 865 θεὰ
1511 833 1604 872 τέκε,
1628 832 1752 863 πότνια
1776 831 1892 873 Λητώ,

1073 905 1228 945 φοίνικος
1254 905 1405 947 ραδινῆις
1429 905 1546 946 χερσὶν
1570 903 1787 945 ἐφαψαμένη,

936 975 1124 1008 ἀθανάτων
1148 975 1338 1007 κάλλιστον
1363 976 1418 1008 ἐπὶ
1443 975 1635 1017 τροχοειδὲι
1658 974 1783 1016 λίμνηι,

1074 1049 1170 1078 πᾶσα
1193 1047 1254 1087 μὲν
1279 1046 1439 1089 ἐπλήσθη
1465 1045 1575 1088 Δῆλος
1600 1046 1778 1087 ἀπειρεσίη

936 1118 1044 1159 ὀδμῆς
1069 1118 1264 1159 ἀμβροσίης,
1291 1117 1461 1159 ἐγέλασσε
1486 1117 1525 1150 δὲ
1548 1120 1635 1159 γαῖα
1658 1116 1810 1159 πελώρη,

1076 1187 1232 1230 γήθησεν
1258 1189 1296 1221 δὲ
1320 1188 1428 1228 βαθὺς
1451 1188 1577 1228 πόντος
1602 1187 1689 1228 ἁλὸς
1712 1187 1848 1230 πολιῆς.

653 1268 825 1327 Ἀρτεμι
857 1271 1087 1327 θηροφόνη,
1120 1270 1306 1327 θύγατερ
1338 1271 1445 1325 Διός,
1476 1273 1527 1326 ἣν
1554 1269 1827 1326 Ἀγαμέμνων

797 1352 950 1403 εἵσαθ’,
983 1352 1042 1396 ὅτ’
1071 1355 1113 1405 ἐς
1146 1355 1295 1410 Τροίην
1326 1355 1448 1397 ἔπλεε
1479 1356 1596 1409 νηυσὶ
1628 1353 1763 1409 θοῆις,

655 1437 879 1493 εὐχομένωι
913 1452 979 1492 μοι
1010 1438 1152 1490 κλῦθι,
1183 1440 1316 1488 κακὰς
1349 1435 1385 1479 δ’
1414 1439 1496 1480 ἀπὸ
1526 1444 1657 1493 κῆρας
1688 1437 1861 1479 ἄλαλκε.

799 1522 862 1561 σοί
894 1522 967 1575 μὲν
997 1528 1132 1573 τοῦτο,
1164 1519 1261 1574 θεά,
1292 1521 1475 1576 σμικρόν,
1507 1520 1595 1575 ἐμοὶ
1627 1521 1672 1562 δὲ
1704 1518 1822 1576 μέγα.

661 1626 822 1668 Μοῦσαι
851 1628 922 1668 καί
954 1626 1143 1682 Χάριτες,
1175 1634 1321 1682 κοῦραι
1352 1626 1459 1680 Διός,
1491 1628 1535 1668 αἵ
1561 1641 1663 1669 ποτε
1694 1626 1866 1681 Κάδμου

802 1709 843 1759 ἐς
873 1710 1006 1765 γάμον
1036 1710 1239 1751 ἐλθοῦσαι
1271 1710 1402 1752 καλὸν
1433 1707 1590 1752 ἀείσατ’
1621 1710 1718 1759 ἔπος

662 1792 773 1844 ,,ὅττι
803 1792 948 1845 καλόν,
981 1791 1099 1847 φίλον
1130 1792 1216 1834 ἐστί
1250 1803 1259 1812 ·
1291 1794 1338 1834 τὸ
1370 1790 1456 1834 δὀὔ
1486 1792 1617 1834 καλὸν
1649 1794 1697 1834 οὐ
1730 1792 1848 1848 φίλον
1879 1790 1993 1834 ἐστί“

801 1872 928 1927 (τοῦτ’
959 1875 1055 1925 ἔπος
1087 1875 1311 1916 ἀθανάτων
1341 1874 1452 1930 ἦλθε
1484 1876 1551 1918 διὰ
1582 1873 1814 1930 στομάτων)
1850 1904 2036 1915 .....

379 1968 581 2009 Tertiam
630 1968 962 2010 invocationem
1012 1982 1113 2010 esse
1168 1969 1455 2025 Theognidis
1495 1980 1765 2025 argumento
1808 1969 2026 2010 evincitur
2067 1979 2111 2009 et
2144 1946 2430 2009 testimonio.

169 2051 430 2094 Credebant
462 2052 580 2092 enim
600 2052 896 2107 Megarenses
917 2052 1090 2093 Dianae
1113 2052 1262 2093 fanum
1293 2053 1419 2106 apud
1450 2066 1500 2094 se
1531 2052 1691 2093 fecisse
1714 2051 2119 2107 Agamemnonem,
2164 2049 2288 2106 ἡνίκα
2317 2049 2430 2105 ἦλθε

170 2134 401 2189 Κάλχαντα
431 2133 623 2176 οἰκοῦντα
652 2135 696 2176 ἐν
727 2134 932 2190 Μεγάροις
965 2135 1007 2185 ἐς
1036 2132 1164 2176 Ἰλιον
1195 2135 1374 2176 ἕπεσθαι
1405 2136 1572 2177 πείσων.
1633 2134 1777 2175 Recte
1813 2134 1875 2175 ita
1907 2133 2132 2188 Bergkius
2163 2132 2432 2186 addiditque

169 2231 277 2262 nam
298 2217 410 2259 illud
430 2217 512 2259 leve
532 2217 768 2269 discrimen,
793 2218 903 2271 quod
926 2217 1138 2273 Theoy‘nis
1157 2218 1206 2259 de
1238 2217 1329 2271 ipsa.
1352 2217 1616 2271 expeditione
1638 2217 1768 2260 dicere
1788 2217 1967 2271 videtur,
1989 2215 2234 2258 Rusanias
2257 2216 2275 2256 I
2295 2229 2350 2270 43
2385 2216 2433 2257 de

170 2301 333 2351 itinere,
365 2300 477 2354 quod
506 2303 637 2342 antea
669 2300 726 2342 ad
756 2300 904 2342 heroas
932 2301 1244 2356 conyreyamlos
1274 2299 1448 2353 suscepit
1473 2299 1778 2354 Aqamemnon.
1841 2298 2055 2353 Apparet
2086 2298 2196 2347 istis,
2230 2297 2307 2352 qui
2339 2297 2431 2338 Me·

175 2381 379 2438 gatensis
398 2381 684 2437 Theognidis
711 2382 928 2432 feruntur,
962 2383 1170 2423 versibus
1203 2393 1246 2423 et
1279 2381 1543 2436 religionem
1574 2381 1719 2423 inesse
1742 2391 1786 2423 et
1806 2380 2006 2422 fabulam
2028 2394 2138 2422 vere
2161 2380 2431 2436 Megarieas.

179 2464 301 2516 Quid
332 2464 494 2520 igitur?
516 2464 788 2506 Luculenter
809 2466 944 2521 origo
975 2466 1102 2507 istius
1134 2465 1355 2519 prooemii
1387 2464 1529 2518 partis
1560 2477 1614 2505 ac
1643 2464 1757 2505 fides
1789 2476 1932 2504 nonne
1953 2472 2223 2518 argumento
2244 2475 2435 2516 prorsus

178 2547 531 2602 comprobatur?
571 2547 714 2589 Porro
746 2558 904 2589 testem
940 2547 1128 2602 polliciti
1152 2546 1475 2588 Callimachum
1503 2546 1756 2588 excitamus
1787 2545 1941 2601 (quem
1974 2545 2051 2600 qui
2082 2556 2186 2586 ante
2217 2559 2300 2586 nos
2331 2557 2436 2599 pro-

179 2630 422 2681 duxerunt,
455 2630 521 2671 uti
557 2640 681 2671 recte
713 2630 809 2672 eius
840 2630 1013 2672 auxilio
1046 2643 1132 2671 non
1165 2627 1396 2683 valebant)
1428 2627 1569 2670 schol.
1602 2627 1840 2682 Aristoph.
1873 2629 1951 2670 Av.
1984 2642 2028 2671 v.
2061 2629 2145 2683 873
2185 2626 2322 2670 οὐκέτι
2353 2628 2436 2669 Κο-

179 2711 329 2767 λαινίς]
363 2745 374 2754 .
407 2746 416 2754 .
454 2713 678 2769 Εὐφρόνιος
709 2713 754 2755 δέ
784 2726 919 2768 φησιν,
952 2715 1012 2756 ὅτι
1045 2712 1087 2756 ἐν
1118 2710 1385 2768 Ἀμαρύνθωι
1415 2713 1443 2768 ἡ
1473 2711 1677 2765 Κολαινίς,
1710 2713 1776 2754 διὰ
1806 2713 1853 2754 τὸ
1883 2713 1954 2754 τὸν
1986 2709 2286 2767 Ἀγαμέμνονα
2305 2712 2434 2754 θῦσαι

180 2798 302 2851 αὒτῆι
331 2797 420 2838 ἐκεῖ
446 2798 561 2852 κριὸν
590 2796 716 2838 κόλον
759 2794 1057 2852 <καλουμένη>.
1121 2798 1143 2844 ᾖ
1174 2796 1240 2838 ἐπὶ
1270 2795 1419 2850 ταύτης
1449 2795 1494 2836 δὲ
1524 2794 1793 2851 Καλλίμαχος
1827 2794 1938 2850 λέγει
1967 2794 2038 2849 (fr.
2073 2795 2128 2850 76
2160 2792 2333 2848 Schn.)·

747 2879 833 2933 τὴν
864 2877 1183 2935 ὡγαμέμνων,
1216 2879 1276 2929 ὡς
1307 2878 1328 2919 ὁ
1366 2877 1542 2933 μῦθος,
1574 2879 1763 2920 εἵσατο·

749 2969 815 3017 τῆι
845 2964 916 3004 καί
946 2962 1121 3018 λίπουρα
1150 2963 1221 3004 καὶ
1252 2961 1423 3017 μόνωπα
1452 2960 1611 3003 θύεται.

183 3042 425 3101 Relegavit
455 3043 772 3095 Callimachus,
805 3055 854 3086 ut
884 3045 1087 3099 apertius
1118 3058 1206 3086 non
1237 3053 1408 3099 posset,
1440 3043 1499 3084 ad
1532 3042 1747 3084 Colaenin
1779 3041 2063 3098 Theognidis
2099 3041 2233 3084 deam
2263 3040 2431 3098 (Ἀρτε-

185 3143 249 3186 μις
285 3128 515 3185 θηροφόνη,
552 3126 736 3183 θύγατερ
773 3127 878 3182 Διός,
908 3129 959 3183 ἣν
989 3126 1260 3184 Ἀγαμέμνων
1291 3124 1446 3181 εἵσατο)
1478 3135 1523 3167 et
1553 3139 1641 3167 non
1662 3126 1722 3167 ad
1743 3125 2007 3176 Euboicam,
2042 3125 2432 3180 quemadmodum

186 3225 234 3267 p.
269 3226 352 3266 119
382 3211 639 3267 Lyricorum
670 3224 986 3266 praepropere
1027 3210 1263 3252 adnotavit
1307 3208 1544 3264 Bergkius.
1613 3208 1771 3262 Itaque
1813 3207 1971 3261 paullo
2019 3218 2123 3250 ante
2163 3209 2427 3250 memoriam

189 3294 454 3336 Callimachi
484 3295 527 3336 in
563 3294 740 3336 scholio
778 3307 946 3336 novam
987 3294 1204 3348 inceptari
1246 3302 1398 3334 notam
1440 3290 1750 3332 existimamus
1795 3303 1850 3331 ac
1891 3291 2037 3332 verba
2080 3290 2147 3334 ἐπὶ
2188 3292 2341 3347 ταύτης
2383 3290 2443 3333 ad

190 3389 428 3419 commune
457 3376 623 3419 lemma
665 3375 802 3420 οὐκέτι
831 3375 1024 3427 Κολαινίς
1067 3376 1292 3430 pertinere
1335 3384 1379 3415 et
1419 3386 1508 3414 non
1549 3373 1608 3414 ad
1651 3372 1900 3426 Euphronii
1943 3370 2264 3427 ‘Amarysiam’
2306 3375 2439 3416 nobis

192 3459 514 3512 persuasimus.
574 3458 692 3500 Illud
722 3472 835 3501 vero
867 3471 1034 3501 novum
1064 3459 1214 3499 adhuc
1247 3467 1328 3506 ωε,
1361 3455 1693 3511 Megarensium
1715 3455 1905 3495 Dianam
1926 3455 2088 3496 eodem
2108 3456 2286 3498 nomine
2305 3469 2441 3498 sacro

194 3542 355 3582 eadem
385 3541 607 3597 religione
636 3541 793 3583 fabula
824 3542 959 3583 etiam
991 3541 1150 3582 eadem
1178 3538 1532 3595 Agamemnonis
1564 3551 1656 3591 qua
1686 3536 1938 3579 Euboicam
1970 3536 2212 3588 excellere,
2243 3551 2299 3579 ac
2328 3538 2447 3592 peti·

195 3636 296 3668 mus
324 3622 523 3665 indidem
553 3624 886 3675 documentum,
918 3636 1012 3679 quo
1056 3623 1190 3664 deam
1234 3620 1485 3662 Euboicam
1521 3619 1811 3675 Amaryntho
1857 3628 1906 3660 ut
1949 3619 1994 3661 in
2032 3619 2235 3662 Atticam
2278 3619 2432 3676 (Paus.
